3826 4860
323 471 381 574 76
424 483 446 572 J
548 503 579 562 .’

359 693 512 766 tiu'ltalc
528 692 572 759 du
588 686 731 760 defends
747 709 809 775 par
823 687 933 754 ieaux
951 687 1082 754 imitata
1117 695 1186 754 'soa
1218 694 1379 774 poemata
1414 659 1564 783 nuncu
1608 687 1611 691 ’
1722 663 1726 670 ’

519 791 608 855 faits
624 789 813 867 militaires,
864 793 867 798 “
951 789 1176 871 inscripsere:
1260 857 1269 866 ‚

363 892 439 960 (ine
454 899 490 956 tu
503 890 630 953 l'ornes
653 886 694 950 de
708 900 853 962 moeurs,
872 876 933 943 Cd—
980 915 1033 932 ι-
1047 916 1090 931 --
1104 883 1177 970 Ego
1201 889 1275 968 opis
1297 883 1449 954 Mutinae

401 1057 421 1061 Π
521 1005 596 1066 sar,
614 981 652 1066 je
675 981 853 1068 pe'cherois
1000 1030 1005 1040 ,
1072 978 1172 1045 More
1193 979 1360 1066 modoque

315 1142 324 1150 .
361 1085 409 1171 Si·
426 1106 489 1171 par
515 1081 550 1145 lc
582 1081 663 1164 long
695 1093 820 1162 propos
837 1103 841 1111 ¹
858 1070 934 1136 (ΡΜ
997 1075 1100 1144 Grata
1140 1083 1313 1163 carpentis
1352 1078 1470 1165 thyma
1488 1098 1491 1106 ’
1507 1095 1572 1168 per

521 1183 623 1244 escrit
645 1173 817 1260 poe'tique
1245 1175 1397 1240 lahorem
1518 1221 1521 1230 ,
1562 1187 1566 1198 ·

363 1275 542 1348 l'culevois
555 1283 610 1338 tes
621 1267 736 1336 loisirs
752 1267 822 1334 ila
832 1267 935 1332 chose
994 1270 1200 1355 Plurimum,
1223 1277 1471 1360 ennaremus,
1499 1277 1571 1345 nri·

521 1369 693 1458 pullique.
1014 1425 1021 1454 ,
1247 1369 1349 1457 dique

282 1523 290 1532 .
432 1486 438 1491 ·
994 1465 1130 1532 Tiburis
1152 1469 1258 1551 ripas,
1280 1486 1426 1551 operosa
1443 1487 1603 1555 parvos„

274 1643 286 1658 ,
324 1569 596 1642 Vnuoanaoono.
632 1598 676 1612 ¹-
717 1562 770 1630 Ad
799 1563 935 1630 verbum
1081 1563 1237 1630 Carmina
1257 1563 1358 1650 fingo.

325 1663 515 1760 „Cnnsnn“
538 1682 611 1730 cum
628 1681 670 1726 ex
690 1660 937 1726 recentioribus
960 1660 1067 1748 Atque
1089 1661 1167 1726 hino
1187 1660 1312 1725 factum
1333 1669 1399 1743 est,
1423 1661 1511 1746 quod
1529 1683 1571 1730 ex

325 1761 567 1848 interpretibus
590 1758 778 1844 complures
799 1751 938 1822 laudent
958 1779 998 1835 eo
1020 1765 1171 1843 tempore
1192 1763 1332 1844 quaevis
1352 1757 1471 1828 brena
1490 1779 1572 1846 poe·¹

213 1885 229 1929 .·
325 1859 465 1928 Boxteri
495 1857 677 1942 judicicum
720 1853 762 1920 de
800 1853 937 1920 lloratio
959 1861 1071 1936 matio,
1096 1861 1212 1919 autore
1231 1861 1349 1920 vetere
1370 1860 1570 1944 interprete,

319 1958 472 2044 ejusque
498 1959 656 2038 scriptis,
694 1957 743 2016 ita
763 1971 865 2034 vero,
901 1952 1108 2039 utllclogac
1143 1951 1350 2036 dicerentur,
1389 1973 1462 2016 cum
1494 1973 1572 2040 pro·

300 2119 301 2124 ,
329 2053 433 2122 multa
454 2050 514 2118 vel
530 2056 696 2132 omittant,
717 2049 772 2115 vel
794 2069 939 2113 commu·
959 2055 1032 2134 prio
1065 2048 1195 2136 Ecloga
1214 2027 1423 2126 ’octonorio
1444 2054 1503 2133 sit,
1524 2055 1570 2118 Ι.
1593 2101 1595 2112 ,
1627 2051 1648 2064 ·“

329 2160 421 2240 tent,
443 2157 609 2237 integrum
630 2145 716 2212 idem
737 2147 792 2210 hic
814 2143 937 2210 adscri—
960 2167 999 2210 ve
1044 2143 1164 2211 florum
1202 2145 1375 2232 delectus,
1417 2152 1571 2240 pictusve

152 2299 158 2306 .
284 2301 294 2314 ,
328 2247 486 2314 berefas
510 2251 650 2310 orit-
700 2242 780 2326 „De
808 2239 936 2306 Horati·
959 2241 1155 2320 fasciculus,
1180 2251 1217 2306 ut
1238 2245 1294 2308 vel
1314 2245 1357 2308 ad
1373 2245 1571 2314 Tonantium

330 2351 433 2434 gente
454 2340 537 2405 nihil
558 2345 708 2421 constat,
744 2344 809 2404 nisi
831 2337 940 2401 foisse
959 2335 1129 2421 significat
1150 2332 1373 2419 Apollinaris:

194 2439 198 2448 '
295 2505 299 2512 ,
332 2459 426 2519 eum,
460 2435 547 2522 quod
569 2440 698 2520 etipse
720 2434 849 2521 prodit,
885 2432 939 2495 Li·
1000 2431 1151 2496 Vernaus
1187 2450 1251 2517 per
1277 2438 1372 2497 uani
1413 2439 1571 2502 carminis

214 2609 226 2624 ,
330 2537 455 2604 bertini
477 2537 614 2622 generis
645 2539 679 2597 et
700 2537 811 2619 patria
830 2529 939 2595 Venu-
1238 2526 1385 2615 Eclogas
1420 2585 1422 2590 ,

332 2641 461 2712 sinum3
486 2628 685 2698 crediderim
706 2635 807 2695 etiam
830 2637 865 2694 et
885 2621 939 2690 do-
999 2623 1187 2704 Verborum
1220 2624 1322 2692 violis
1357 2625 1572 2696 multicolori·

331 2753 386 2800 mo
425 2728 609 2810 Graecum,
652 2727 739 2814 quod
779 2744 940 2811 nusquam
1200 2737 1206 2750 ⁴
1238 2723 1324 2792 bus,
1415 2735 1420 2742 “

247 2885 249 2890 .
332 2825 599 2898 Rornanomore
624 2829 658 2890 in
681 2822 865 2889 Graeculos
887 2819 942 2882 de·
959 2822 1048 2889 (luto
1070 2831 1105 2888 et
1117 2820 1191 2890 Jult
1205 2821 1296 2888 Flori
1312 2821 1574 2912 Satyrogropltl,

333 2931 476 3005 saeviat,
497 2928 562 2986 imo
585 2917 783 3007 quantisque
801 2935 863 2981 eos
876 2914 942 2978 col·
959 2920 1122 3003 prodente
1169 2919 1289 2985 eodem
1343 2921 1595 2998 eruditissimo.
1645 2936 1678 2990 ’.
1751 2893 1756 2900 ⁶

332 3021 461 3101 laudet,
484 3026 519 3083 et
539 3017 595 3084 vel
608 3015 768 3082 Romanis
789 3016 862 3079 suis
887 3028 942 3075 nn·
961 3013 1164 3097 Scholiasta,
1181 3015 1358 3082 exstabant
1366 3015 1507 3084 Electae
1530 3032 1572 3084 cx

205 3110 215 3152 ²
334 3121 468 3190 leserat.
502 3115 580 3194 'De
613 3115 751 3197 scriptis
790 3108 867 3194 ejus
896 3115 944 3174 in·
960 3112 1079 3194 Ennio,
1097 3111 1231 3194 ,Lucilio
1252 3121 1287 3178 et
1303 3113 1463 3179 Varrone.
1502 3113 1576 3180 Dc:

321 3221 601 3308 praesentiarum
611 3210 697 3295 ,haec
708 3206 840 3274 habeto.
867 3206 945 3272 0m-
960 3215 1059 3294 nique
1095 3230 1182 3275 nova
1215 3209 1421 3313 Comoedia,
1452 3218 1570 3277 auara

64 3312 70 3405 J
197 3345 200 3352 ’
295 3319 298 3326 ’
337 3339 397 3386 nes
426 3320 482 3401 qui
515 3307 627 3377 Musis
660 3307 758 3372 litore
795 3305 944 3386 student,
961 3305 1148 3406 Cruquiano
1177 3313 1381 3392 interprete,
1421 3305 1572 3386 Εκλεγο·
1659 3320 1666 3354 ῑ

338 3429 402 3479 sua
419 3411 522 3475 mella
537 3415 718 3474 caeterum
733 3407 875 3500 scriptis
890 3425 945 3469 ex·
959 3387 1037 3473 uss'vt
1063 3381 1326 3484 υπωνομάζετο,
1364 3407 1452 3490 quod
1479 3410 1571 3490 opti·
1674 3407 1679 3415 '

337 3526 478 3592 serpere
497 3506 628 3572 debent.
670 3501 768 3568 Maro
790 3506 891 3588 igitur
912 3511 947 3566 et
961 3522 1015 3566 ma
1036 3522 1188 3588 quaeque
1211 3505 1266 3578 (ut
1288 3505 1385 3586 poto]
1419 3508 1576 3581 coeteri

290 3619 292 3623 ·
337 3603 481 3669 Flaccus
500 3611 637 3686 noster,
659 3605 716 3687 qui
734 3599 801 3674 hoc,
820 3598 945 3680 fecere,
961 3597 1140 3664 Comoedia
1169 3603 1201 3661 in
1234 3617 1331 3662 nsum
1361 3619 1458 3662 suum
1479 3598 1571 3665 delo·

288 3723 292 3728 ’
339 3699 401 3786 prd
421 3694 555 3760 liberali
583 3719 645 3763 suo
668 3701 821 3783 ingenio,
857 3696 947 3762 furta
960 3701 1060 3784 gerit.
1108 3694 1196 3760 lllud
1218 3701 1329 3758 autem
1350 3699 1382 3758 in
1403 3693 1467 3764 hoc
1491 3705 1570 3764 unte

340 3813 403 3866 sun
431 3789 543 3881 palam
562 3791 709 3874 professi
730 3799 831 3876 sunt,
869 3792 945 3860 dum
960 3793 1013 3860 vel
1041 3796 1227 3881 praecipue
1251 3789 1450 3860 laudandum
1472 3793 1572 3884 duco,
