3822 4900
1266 470 1279 502 λ

448 763 452 772 .
495 715 672 788 -Bello
688 710 952 836 Philipp-ensi,
977 703 1177 786 excitus'a
1193 711 1246 785 Μ.
1264 707 1403 814 Bruto,
1430 708 1681 807 imperatore,
1707 729 1730 799 2
1794 817 1795 820 J

316 887 323 900 ¹
442 887 794 912 W

429 917 439 936 x
457 921 461 932 ι

448 993 660 1070 proprement
694 1004 733 1048 ce
768 1003 830 1069 que
864 983 918 1049 les
950 953 1055 1049 Grecs
1077 979 1234 1071 Ourrage
1269 987 1338 1049 soit
1371 981 1410 1049 de
1444 981 1566 1073 luyz)
1593 981 1684 1065 „Per

332 1121 334 1144 ·
447 1083 656 1166 appelloient
686 1059 982 1166 ἀλλαντοπώλης,
1022 1091 1056 1146 et
1076 1086 1348 1162 consequentiam
1387 1081 1590 1170 significatio
1631 1080 1704 1162 fit,
1769 1123 1772 1133 a

372 1241 383 1252 ,
448 1198 512 1263 que
552 1197 637 1242 noue
676 1176 808 1243 dissone
849 1157 1055 1261 Clrarcutier,
1075 1196 1148 1239 eum
1169 1194 1246 1257 res,
1272 1196 1356 1260 quae
1377 1184 1561 1263 sequuntur
1583 1174 1683 1242 aliam
1753 1213 1757 1220 ·
1801 1191 1803 1252 ζ

446 1297 490 1338 nn
513 1273 642 1338 homme
664 1281 719 1362 qui
739 1275 802 1339 sait
825 1283 862 1340 et
877 1276 963 1350 vend
982 1279 1055 1339 tou·
1076 1283 1166 1354 reni,
1193 1269 1365 1354 dicuutur,
1382 1293 1438 1338 ,ex
1466 1272 1584 1358 quibus
1612 1281 1696 1338 tota'
1803 1299 1805 1356 χ

319 1371 321 1380 ’
445 1370 872 1457 tessortesdeboudins,
897 1371 1131 1437 desecares
1167 1369 1368 1453 relinquitur
1407 1373 1441 1434 in
1473 1375 1684 1452 suspicione,
1767 1362 1771 1373 ‘
1805 1451 1807 1458 y

314 1503 321 1512 ·
394 1455 403 1464 ’
434 1473 573 1548 eiusce,
592 1466 632 1530 dc
647 1468 880 1556 cervelnsetc,
908 1470 1054 1534 Drcrrsn.
1075 1472 1130 1546 ut,
1161 1471 1190 1529 si
1211 1465 1460 1531 salsamentarii
1484 1461 1555 1527 filio
1577 1464 1681 1550 dicas,
1775 1481 1783 1496 ⁸

444 1599 487 1620 v·
515 1562 610 1648 cnjus
640 1564 743 1630 verba
774 1572 897 1650 repetit
923 1567 1057 1632 Vrnna-
1076 1561 1223 1652 Quiesce
1242 1570 1298 1646 tu,
1332 1560 1428 1646 cujus
1457 1569 1552 1644 pater
1573 1558 1686 1636 cubitu
1770 1657 1773 1667 Ι

447 1685 521 1731 rus
543 1696 583 1710 -
603 1696 645 1709 -
668 1659 766 1726 Quoi
787 1662 903 1728 obt
845 1683 886 1727 an
889 1668 983 1748 tique
999 1662 1057 1729 Vi·
1076 1678 1114 1724 se
1136 1679 1318 1745 emungere
1340 1656 1510 1726 solebat.“
1538 1655 1686 1720 Dierna.

444 1769 502 1826 tae
534 1764 698 1845 scriptore
734 1756 966 1848 subjungitur,
1001 1781 1057 1844 pa·
1077 1786 1179 1822 *r-
1200 1756 1349 1838 Vereor,
1378 1777 1420 1820 nc
1439 1754 1543 1820 haec.
1572 1760 1610 1818 ut
1630 1773 1687 1818 ve·

444 1868 528 1924 trem
537 1854 1058 1922 Nostrisalsamentariumfuis·
1076 1873 1177 1916 ro-
1199 1853 1461 1940 emergentem?
1497 1871 1518 1918 ιι
1547 1849 1687 1937 librario
1711 1845 1747 1928 ⁸.

445 1976 502 2038 se,
524 1953 624 2018 fidem
636 1951 723 2035 apud
738 1945 956 2036 Xylandrum,
975 1953 1058 2016 Tor·
1077 1955 1156 2012 sint.
1189 1948 1357 2015 Jarrru-
1395 1947 1480 2030 Ejus
1510 1949 1612 2014 verba
1636 1967 1689 2012 re·

444 2055 652 2130 rentiumque
695 2067 761 2110 non
803 2045 926 2128 habet,
971 2046 1058 2131 quod
1078 2045 1223 2127 petens,
1247 2041 1359 2106 addit:
1327 2049 1508 2127 trecte,
1539 2043 1572 2108 id
1601 2041 1688 2128 quod
1789 2101 1797 2116 ,

444 2148 522 2226 ipse
544 2143 865 2224 poetamentionem
886 2140 987 2220 hujus
1009 2147 1058 2204 rei
1079 2138 1132 2203 vel
1153 2137 1265 2203 hiulca
1285 2143 1392 2204 oratio
1414 2146 1549 2226 arguit.-
1587 2137 1688 2202 Forte
1732 2201 1734 2206 ,
1819 2187 1821 2214 ,

444 2237 570 2299 rr'ullam
601 2234 742 2307 fecerit,
775 2249 838 2290 nec
868 2231 1057 2295 dissimula·
1077 2231 1140 2289 duo
1168 2237 1270 2310 panni
1299 2238 1406 2292 assuti
1433 2243 1530 2311 sunt,
1558 2241 1687 2315 primus

442 2335 537 2398 turus
556 2329 662 2388 'esset
685 2319 769 2386 illud
793 2341 973 2406 scomma,
991 2343 1055 2408 quo
1076 2320 1117 2386 de
1142 2320 1419 2407 colementano,
1443 2329 1497 2389 eui
1521 2325 1608 2390 alius
1630 2349 1687 2392 no·
1754 2315 1769 2378 .'

318 2427 321 2434 '
442 2422 493 2489 illi
512 2428 545 2486 in
561 2418 781 2484 altercatione
801 2411 1054 2502 exprobratum:
1074 2423 1144 2480 tum
1172 2415 1256 2480 illud
1285 2439 1433 2484 scomma
1461 2442 1503 2487 ex
1522 2421 1621 2488 Auct.
1645 2422 1686 2488 ad
1706 2435 1708 2442 ’
1823 2413 1824 2450 ³

322 2507 328 2514 ’
444 2506 598 2606 quotiens
614 2547 651 2562 ·-
671 2517 931 2599 emungentemP
959 2514 1055 2579 (luae
1076 2511 1221 2576 Herenn.
1236 2514 1401 2581 adtexuit:
1417 2514 1686 2584 Mrrscrrnnn.'-
1825 2517 1827 2545 ¹

287 2624 292 2634 “
396 2647 407 2656 ·-
443 2621 551 2693 ratio,
573 2611 703 2692 fateor,
733 2607 846 2672 valide
868 2613 954 2672 satis
976 2609 1054 2670 mihi
1076 2614 1219 2672 assentit
1242 2609 1419 2689 Decerne.
1431 2647 1524 2662 -—
1546 2615 1686 2700 cepas·

444 2732 510 2774 non
526 2713 686 2790 apparet,
708 2712 745 2767 ut
765 2703 858 2768 illius
879 2705 1055 2786 scriptoris
1076 2719 1244 2786 sagest-
1274 2707 1457 2779 (renferrne
1479 2715 1574 2775 entre
1599 2711 1688 2776 deux.

444 2805 670 2870 testimonium
704 2795 913 2882 rejiciamus
959 2795 1056 2894 Mas·
1076 2798 1248 2870 crochetsi
1291 2821 1333 2864 ne
1363 2811 1445 2883 peut
1484 2805 1556 2867 etre
1587 2810 1685 2890 q'une

445 2893 692 2966 sonorior.
722 2902 789 2959 aet
820 2893 935 2970 ann..l
955 2928 997 2942 -
1015 2937 1055 2948 -
1043 2887 1333 2980 interpolation3
1386 2893 1421 2960 la
1466 2896 1685 3004 plaisanterie

394 3035 401 3045 ·
445 2993 536 3062 sais.
559 2999 632 3076 est,
657 2994 714 3096 qui
733 2991 939 3092 salsamenta
959 2992 1054 3074 facit,
1076 3009 1119 3073 qu
1121 2989 1158 3057 rl
1200 2998 1367 3076 contient,
1389 2992 1488 3058 bien
1528 2997 1582 3078 qu
1584 3016 1683 3062 assez

445 3091 501 3158 vel
516 3087 641 3171 vendit,
655 3065 946 3160 ιιλλιιιτοπωλιιι.
961 3089 1054 3157 Jani.
1074 3093 1266 3172 mauvaise,
1297 3109 1378 3170 aura
1405 3087 1502 3154 iente
1529 3088 1564 3168 le
1593 3099 1684 3177 copi·

442 3227 484 3246 ..-
520 3192 678 3268 repetunt
719 3183 942 3251 Mrrser'rsnc
987 3184 1056 3250 Bo·
1075 3191 1150 3265 ste,
1171 3193 1206 3251 et
1226 3185 1374 3250 rllaura
1388 3191 1480 3271 prise
1501 3181 1541 3249 de
1559 3185 1594 3250 la
1608 3189 1684 3254 rhe-

289 3269 324 3283 ‘¹
372 3347 376 3352 .
444 3307 525 3352 ran.
545 3279 734 3346 ‹Ionem-⁶
753 3317 793 3332 -
819 3281 1203 3366 C'estlaruil-torique
1235 3303 1257 3346 a
1285 3282 1494 3366 Herennius,
1537 3281 1580 3347 ori
1617 3284 1684 3350 elie

350 3387 356 3394 ’
444 3381 528 3448 lerie
551 3399 614 3465 que
636 3383 838 3446 s'attiroient
857 3378 1055 3445 d'ordinaire
1072 3385 1130 3464 est
1159 3377 1181 3440 a
1213 3398 1253 3444 sa
1282 3378 1380 3465 place
1408 3398 1493 3464 pour
1520 3379 1559 3443 la·
1575 3386 1682 3447 trans·

444 3477 503 3550 les,
521 3474 640 3542 enfans
658 3482 712 3561 qui
727 3483 862 3556 ancient
876 3474 936 3541 des
953 3495 1054 3561 peres
1074 3481 1190 3558 portet
1212 3479 1265 3540 ici.
1307 3474 1582 3542 viunnoense,
1652 3487 1655 3494 '

429 3573 486 3662 ¹‹le
516 3594 554 3639 ee
573 3570 692 3638 metier
710 3569 757 3636 lai.
802 3570 944 3636 Ciceron
960 3566 1054 3653 ,dans
1115 3571 1178 3635 Ad.
1194 3578 1224 3637 ι.
1240 3578 1337 3636 -Α,
1354 3613 1394 3629 -
1415 3594 1475 3657 pro
1491 3565 1683 3639 excitarim.
1783 3607 1786 3616 ·

377 3745 381 3750 ,
444 3669 479 3736 le
507 3669 649 3742 ivaro
672 3667 781 3734 desa
804 3667 1012 3752 Rhetoriquc
1035 3666 1145 3732 alunt
1173 3669 1321 3735 nonnulli
1354 3669 1533 3736 secundum
1563 3668 1683 3756 librum

363 3769 368 3772 ’
446 3765 634 3834 Herennius
658 3763 733 3843 [s’il
748 3773 899 3852 cateray
917 3785 982 3850 que
1001 3771 1055 3831 cet
1074 3763 1215 3831 Putcani
1237 3757 1325 3854 apud
1346 3765 1562 3857 Rutgersium
1593 3789 1683 3828 erer-
