3826 4860
480 763 502 824 f
528 719 611 810 Res
636 717 764 793 italas
789 712 909 795 armis
934 713 1100 812 tuteris,
1135 715 1310 832 moribus
1337 733 1476 814 ornes,

340 983 344 988 ’
397 1065 406 1074 .
469 985 703 1078 Exemploque
714 1011 778 1057 suo
787 1007 897 1074 mores
907 985 1044 1074 reget.“
1063 983 1287 1071 cipnumfere
1310 991 1344 1052 in
1355 983 1500 1076 Augusti
1517 974 1675 1064 laudibus

469 1083 597 1173 Ecquis
621 1095 675 1153 cst
695 1093 817 1176 igitur,
849 1082 905 1172 qul
925 1087 1043 1150 lectio·
1062 1079 1149 1167 quod
1172 1081 1289 1148 urbem
1310 1084 1474 1152 aedificiis
1492 1092 1672 1178 magnifice

429 1203 526 1266 uem,
561 1183 602 1249 ab
635 1186 785 1252 omnibus
806 1182 956 1248 librariis
977 1191 1042 1247 tra·
1061 1179 1296 1263 adornaverit,
1334 1189 1372 1246 ut
1398 1188 1431 1246 in
1460 1197 1671 1256 monumento

348 1311 350 1318 ·
429 1278 549 1345 ditum.
579 1287 614 1346 et
643 1283 807 1347 historiae
836 1277 904 1346 fide
933 1279 1041 1344 firma·
1060 1274 1237 1361 Ancyrano
1283 1281 1357 1342 suis
1401 1273 1515 1346 verbis
1557 1283 1672 1352 videro

342 1367 343 1377 ¹
428 1384 510 1461 tam,
527 1384 560 1442 iu
583 1377 771 1463 ambiguum
785 1397 908 1468 vocare
924 1379 1041 1442 ausit?
1059 1381 1125 1439 est.
1163 1372 1256 1440 Suet.
1279 1370 1367 1460 Aug.
1384 1371 1513 1456 XXIX,
1543 1376 1672 1469 ¹Urbem

427 1470 570 1558 Nequeo
583 1481 694 1540 tamen
709 1473 935 1556 dissimulare,
954 1473 1039 1558 quod
1058 1490 1166 1558 neque
1197 1543 1203 1550 ⁸
1210 1490 1273 1556 pro
1315 1470 1497 1554 majestate
1543 1478 1675 1560 imperii

426 1567 518 1654 mihi,
530 1561 668 1658 singula
673 1575 821 1653 moranti,
832 1579 867 1635 et
878 1570 921 1634 ad
933 1591 1040 1636 amus·
1058 1576 1205 1634 ornatam
1213 1615 1223 1650 ,
1260 1573 1305 1654 et=
1324 1568 1596 1637 inundationibus
1625 1577 1674 1637 in·

422 1670 490 1731 sim
512 1673 682 1755 exigenti,
714 1671 863 1740 venitin
883 1676 1038 1733 mentem.
1059 1663 1253 1750 condiisque
1289 1665 1484 1751 obnoxiam,
1525 1667 1674 1734 excoluit
1757 1737 1760 1744 ,

352 1753 362 1854 J
425 1759 518 1828 Fieri
532 1762 622 1828 onim
640 1771 776 1850 potest,
797 1770 836 1846 ut
854 1764 1040 1850 sieapoe·
1058 1761 1164 1843 adeo,
1208 1769 1246 1826 ut
1281 1761 1361 1846 jure
1406 1767 1453 1847 sit
1495 1763 1672 1852 gloriatus,

425 1863 463 1925 ta
482 1858 672 1944 profectum
693 1865 759 1925 sit:
1058 1857 1285 1930 Marmoreum
1297 1879 1337 1925 se
1350 1859 1556 1945 relinquere,
1575 1883 1672 1948 quam

374 1947 383 1962 '
464 1951 536 2022 Res
549 1953 656 2024 licias
672 1961 777 2022 armis
793 1960 930 2035 tuteris,
951 1961 1041 2018 Moe·
1059 1953 1241 2019 lateritiam
1276 1961 1490 2040 accepisset..
1506 1991 1551 2010 ·-
1604 1959 1673 2026 Sed

716 2052 810 2112 nibus
830 2069 944 2134 ornes,
1012 2111 1021 2126 ,
1060 2056 1098 2112 et
1119 2058 1252 2134 ceteros
1265 2056 1436 2136 principes
1457 2059 1549 2120 viros
1568 2077 1672 2142 saepe

456 2142 617 2233 ,Legibus
638 2145 811 2212 emendes.
852 2189 857 2196 -
1060 2143 1212 2212 hortatus
1240 2154 1315 2228 est,
1355 2157 1393 2214 ut
1418 2171 1480 2235 pro
1508 2151 1672 2221 facultate
1733 2158 1738 2178 ’

464 2241 567 2326 Apud
595 2241 759 2316 ‚Latinum
801 2241 964 2310 Pacatum
1004 2247 1037 2304 iu
1058 2245 1200 2322 quisque
1232 2253 1456 2310 monumentis
1483 2248 1539 2312 uel
1560 2256 1670 2334 novis,

424 2333 655 2422 Panegyrico,
679 2331 892 2418 ¹Respublica
914 2331 1035 2400 Roma-
1055 2333 1109 2396 uel
1129 2341 1296 2419 resectis,
1331 2347 1367 2404 et
1387 2342 1530 2408 excultis
1553 2345 1670 2412 urbem

421 2452 464 2498 ua
505 2426 732 2494 Theodosium
756 2428 943 2495 *Seniorem
979 2431 1033 2496 his
1053 2427 1261 2499 adornarent.
1303 2431 1368 2500 Ubi
1389 2436 1423 2502 id
1444 2439 1554 2507 obiter
1572 2451 1669 2510 uota·

349 2512 353 2520 .
393 2528 533 2595 ¹vorbis
556 2525 685 2608 alloqui
703 2525 861 2610 fingitur:
878 2596 881 2604 1
897 2525 1035 2606 „Quam
1051 2522 1127 2601 bis,
1154 2527 1190 2586 to
1219 2532 1344 2591 Ornata
1364 2541 1534 2619 proprium
1559 2559 1599 2602 ac
1618 2540 1668 2604 le.

421 2623 464 2692 do
486 2643 540 2688 me
565 2620 683 2686 Nerva
700 2618 919 2704 tranquillus,
944 2638 1036 2682 amor
1054 2620 1207 2702 gitimum
1235 2642 1317 2689 esse
1347 2630 1381 2689 io
1408 2627 1470 2693 hac
1496 2639 1669 2700 sententia

422 2722 560 2807 generis
587 2715 725 2780 humani
753 2715 869 2797 Titus,
905 2720 1034 2801 pietate
1053 2711 1263 2780 vocabulum.
1283 2717 1528 2797 ldeminJulio
1546 2723 1665 2796 XLIV.

421 2809 651 2882 memorabilis
679 2808 848 2876 Antonius
882 2818 1032 2897 teneret3
1052 2808 1130 2875 Jum
1163 2806 1207 2884 de
1233 2812 1382 2878 ornanda
1403 2818 1666 2910 instruendaque

423 2931 523 3000 quum
543 2901 712 2972 Moenibus
739 2905 915 2994 Augustus
938 2928 1033 2974 orno·
1053 2907 1156 2988 urbe,
1182 2913 1272 2975 item
1296 2908 1337 2975 de
1361 2912 1484 2980 tuendo
1506 2916 1666 3002 amplisu·

340 3059 344 3069 .
384 3075 390 3082 ,
421 3017 491 3093 ret,
522 3005 666 3094 legibus
688 3001 878 3071 Hadrianus
907 3005 1032 3071 imbue·
1052 3003 1160 3091 doque
1178 3011 1332 3094 imperio,
1353 3009 1452 3096 plura
1470 3012 1665 3102 majoraque

368 3129 373 3139 ¹
419 3113 494 3186 ret,
523 3102 653 3168 linibus
676 3099 844 3185 Trajanus
881 3111 1031 3196 augeret,
1051 3106 1085 3166 iu
1108 3102 1181 3170 dies
1202 3105 1400 3183 destinabat.
1450 3106 1515 3175 Ubi
1540 3117 1666 3195 pariter

316 3236 320 3244 ·
419 3222 537 3290 parum
553 3202 634 3264 mihi
654 3197 792 3265 uidebar
809 3195 930 3284 beata,
953 3221 1032 3286 quo·
1051 3199 1164 3284 juncta
1191 3201 1307 3284 vides,
1346 3208 1455 3270 urbem
1484 3229 1600 3270 ornare
1630 3219 1666 3278 et

194 3299 199 3310 ’
322 3370 332 3390 „
419 3304 509 3366 niam
544 3317 610 3362 lion
647 3316 738 3362 eram
770 3293 864 3361 tila.“
915 3297 1031 3376 Quid?
1051 3303 1220 3377 imperium
1236 3305 1330 3365 tueri.
1364 3301 1493 3369 Ibidem
1505 3302 1661 3374 XXVIII.

309 3428 311 3434 ·
421 3415 531 3464 aunon
563 3393 667 3460 verba
687 3391 771 3458 haec
793 3411 835 3458 ex
863 3396 937 3479 ipso
968 3394 1031 3459 hoo
1051 3393 1156 3460 Asiae
1183 3416 1315 3484 quoque
1344 3405 1380 3464 et
1412 3398 1573 3468 Graeciae
1597 3425 1663 3489 quo·

290 3573 294 3580 ,
420 3490 546 3559 Flacci·
569 3491 646 3566 loco
678 3509 844 3576 expressa
879 3500 915 3557 et
950 3489 1031 3556 deli·
1051 3496 1258 3558 tentissimas
1288 3494 1390 3562 urbes
1422 3499 1580 3584 operibus
1603 3501 1660 3586 ex]-

293 3591 297 3632 ἶ
419 3588 711 3656 neatauideautu'r.
749 3587 850 3655 Alter
870 3611 936 3651 rem
946 3590 1026 3668 pub·
1051 3589 1184 3680 ornans.
1206 3589 1456 3688 TacitsAuoal.
1473 3595 1508 3680 i,
1531 3603 1583 3680 a,
1603 3600 1661 3667 ubi

420 3689 541 3764 licam,
557 3685 643 3756 alter
671 3689 839 3748 resinulas
868 3690 916 3752 ait
942 3705 1031 3750 moe·
1051 3684 1169 3750 laudes
1197 3685 1346 3776 Augusti
1377 3698 1545 3780 congerit,
1578 3694 1659 3779 „jus

420 3779 518 3850 nibus
545 3785 669 3850 ornari.
718 3779 807 3882 lllud
832 3801 914 3852 vero
935 3801 1031 3872 prae-
1050 3781 1139 3872 opud
1175 3789 1288 3874 ciues,
1329 3787 1529 3859 modestiam
1570 3779 1659 3881 apud

1035 4137 1054 4170 't
