3826 4860
1511 441 1704 592 [aa

401 719 527 805 „Nunc
551 699 594 781 ad
629 732 682 777 me
719 707 821 777 rorleo
848 705 1040 773 libertino
1031 728 1062 771 ιιι
1083 706 1246 794 philippis
1277 711 1474 806 paupertate
1499 665 1638 772 coaetos

282 831 291 875 ἱ
399 826 496 904 patre
517 809 666 878 ratum.“
708 808 752 872 Et
764 813 870 899 prrmo
887 810 1012 889 eprsto
1031 805 1072 869 ad
1093 812 1241 870 earmina
1262 825 1341 870 sese
1364 805 1524 870 contulit:
1561 805 1638 868 hino

352 936 355 940 ·
386 913 506 980 'larum
525 909 694 977 rolumrue
710 904 754 969 ad
769 904 888 968 librum
903 923 1010 968 suum
1031 901 1177 987 epistola
1205 901 1322 966 ultima
1346 902 1388 966 ad
1412 902 1540 968 Julium
1561 901 1652 966 Flam
1736 905 1739 912 “

391 1003 485 1093 '5Mo
506 1008 665 1108 libertino
695 1009 806 1068 natum
834 1008 947 1085 patre:
977 1007 1102 1066 etrum
1132 1004 1191 1063 ait.
1233 997 1383 1082 „Romae
1410 1004 1528 1065 nutriri
1559 998 1656 1077 milri¹
1705 995 1722 1007 “

379 1099 435 1172 ἰιι
462 1109 555 1170 tenui
585 1122 636 1168 re
658 1094 851 1184 Majorea
883 1118 1011 1183 pennas
1031 1101 1187 1184 contigit:
1224 1101 1347 1178 atqua
1343 1093 1480 1160 doceri.
1527 1095 1639 1161 lratua

399 1200 477 1269 aido
514 1197 709 1266 extendisse
751 1197 913 1283 loqueris.
968 1193 1012 1259 Ut
1030 1201 1135 1283 graiis
1156 1199 1316 1282 quantum
1337 1191 1641 1258 nocuissetArhil·
1754 1197 1764 1210 “

400 1305 559 1386 quantum
577 1301 696 1386 generi
719 1294 850 1360 ilem-:aa
882 1297 1011 1357 virtuti-
1029 1294 1094 1360 les.
1135 1289 1307 1374 Adjecere
1326 1287 1642 1395 honaepauloplua

399 1391 464 1460 bus
486 1393 626 1460 addas“.
654 1391 754 1476 Ejus
774 1389 1011 1478 patriallenu-
1031 1396 1115 1479 artis
1142 1390 1296 1454 athenae.
1345 1383 1486 1450 Scilicet
1507 1392 1545 1447 ut
1560 1387 1642 1470 p'os

359 1523 364 1535 ι
401 1492 551 1558 statuit:
573 1488 878 1578 quodprimasaty.
895 1486 955 1553 lib.
966 1485 1009 1551 ll
1029 1511 1102 1554 sem
1130 1507 1231 1552 curvo
1261 1483 1468 1572 dignoscere
1502 1487 1640 1546 reatum.
1676 1525 1680 1533 -

121 1565 163 1627 Α.
223 1659 237 1680 -.
308 1593 311 1598 '
400 1589 548 1659 ostendit
572 1591 638 1653 lroo
669 1587 785 1652 modo:
828 1583 1010 1670 „Lucanus
1030 1583 1140 1673 Atque
1170 1589 1270 1650 inter
1310 1580 1426 1666 sylvas
1468 1577 1644 1644 achademi
1714 1613 1725 1634 ι

400 1705 440 1768 an
471 1687 614 1772 appulus
647 1703 783 1768 auceps.
836 1681 924 1766 Nam
944 1683 1011 1750 Ve—
1030 1702 1193 1767 quaerere
1204 1698 1330 1746 verum
1371 1679 1466 1742 Dura
1477 1676 1538 1742 sed
1552 1695 1643 1740 amo

400 1789 540 1849 nusinus
570 1781 642 1848 arat
670 1783 769 1846 tinem
798 1780 860 1846 sub
887 1787 1011 1844 utrum·
1029 1799 1110 1845 rere
1145 1779 1222 1843 loco
1254 1797 1309 1843 me
1343 1783 1497 1859 tempora
1532 1779 1643 1858 grato
1700 1846 1702 1856 Ι

229 1951 233 1957 ,
399 1901 465 1968 que
489 1878 638 1945 colonus.
641 1879 664 1916 “
706 1879 796 1942 Puer
818 1897 838 1941 a
856 1883 954 1966 patre
976 1880 1011 1939 in
1032 1875 1214 1961 Civilisque
1245 1873 1362 1939 rudem
1384 1871 1468 1938 belli
1490 1870 1567 1934 tulit
1588 1888 1643 1932 ae·
1728 1923 1748 1958 .·

293 1976 299 1982 ’
398 1978 515 2040 urbem
546 1977 665 2040 duetus
692 1983 745 2038 est
763 1971 916 2046 discendi
939 1991 1019 2054 gra-
1031 1979 1106 2035 stus
1124 1977 1162 2034 ur
1181 1991 1283 2034 arma.
1327 1969 1485 2034 Caesaris
1508 1986 1548 2032 au
1595 1969 1643 2030 sti

306 2081 309 2088 '
378 2075 466 2134 'tior
489 2071 585 2152 cujus
605 2067 1013 2152 custodiapudicumser-
1032 2087 1096 2138 ιιοιι
1122 2084 1334 2150 responsura
1353 2065 1505 2134 lacertis.
1547 1987 1643 2128 Molle

400 2169 494 2228 ravit
524 2165 563 2228 ab
596 2169 685 2227 omni
713 2161 804 2226 facto
834 2169 932 2246 atque
957 2177 1011 2246 οιι-
1033 2161 1133 2228 simul
1156 2168 1296 2247 primum
1314 2183 1369 2227 me
1392 2159 1549 2226 dimisere
1570 2159 1644 2244 plri-

229 2285 230 2292 ‘
318 2271 323 2276 '
373 2261 539 2360 ,ιιιΙιίοι
559 2265 638 2376 ipse
660 2263 789 2322 &euim
834 2257 891 2322 VI.
895 2255 1010 2341 Saty.
1031 2260 1125 2344 lippi.
1176 2261 1313 2324 Deoisis
1342 2257 1500 2324 humilem
1522 2261 1643 2341 pennis

399 2343 477 2420 libri
493 2359 588 2440 primi
606 2359 721 2438 inquit.
764 2351 860 2435 „sed
873 2373 1010 2440 puerum
1030 2362 1231 2442 inopemque
1253 2360 1394 2440 paterni.
1438 2351 1483 2418 Et
1502 2352 1587 2419 laris
1606 2359 1653 2420 et

399 2461 455 2518 est
473 2472 575 2516 susus
588 2470 712 2515 romam
733 2449 867 2535 portare
890 2445 1011 2513 dooen-
1029 2451 1138 2516 fundi:
1160 2461 1344 2535 paupertas
1366 2448 1500 2536 impulit
1521 2451 1641 2517 audax.
1704 2512 1710 2515 .

399 2547 495 2614 duur:
525 2554 601 2630 ipse
621 2547 702 2606 mihi
724 2553 842 2606 eustos
865 2549 1012 2606 incorru-
1031 2545 1076 2606 Ut
1099 2565 1221 2609 versus
1242 2547 1400 2610 facerem.
1404 2546 1428 2580 ‘⁶
1475 2545 1568 2610 Idem
1590 2566 1644 2610 aa·

400 2648 578 2730 ptiasimus
608 2657 767 2709 omues.
793 2636 923 2701 Circum
956 2634 1013 2700 do·
1032 2646 1108 2724 tyra
1128 2646 1234 2704 sexta.
1277 2642 1409 2724 „Quem
1432 2639 1554 2704 rodunt
1572 2660 1643 2706 om·
1720 2673 1721 2678 ι

276 2765 280 2776 ι
330 2809 336 2818 ,
402 2747 515 2806 atores
538 2736 672 2800 aderat-r
700 2733 779 2820 quid
797 2733 931 2798 multa?
953 2754 1012 2818 pu·
1033 2757 1093 2800 nes
1104 2733 1265 2800 lrhertmo
1281 2744 1377 2820 patre
1391 2745 1513 2800 natum
1544 2735 1644 2831 Nune

401 2834 523 2902 dicum.
566 2832 632 2902 (lui
654 2837 780 2918 primus
802 2830 1012 2894 virtutisho-
1034 2839 1111 2920 quia
1136 2837 1199 2897 aim
1228 2831 1291 2896 tibi
1325 2851 1504 2896 mecoenas
1533 2821 1644 2898 couvi·
1667 2905 1680 2910 ,

402 2953 463 2998 nor
483 2935 632 2996 servarit
653 2930 693 2994 ab
716 2934 813 2992 omni.
861 2925 939 2991 Non
961 2947 1013 2992 so·
1015 2935 1121 2996 etor:
1145 2937 1180 2994 at
1200 2927 1295 3010 olim:
1325 2928 1423 2995 ssuoll
1444 2929 1524 2994 mihi
1546 2949 1645 3017 pare·

292 3035 296 3040 '
402 3031 471 3096 lum
483 3028 593 3094 facto:
617 3048 731 3092 verum
743 3023 921 3111 opprobrio
935 3045 1013 3110 quo·
1032 3037 1084 3093 ret
1101 3029 1193 3116 legio
1206 3047 1345 3092 romana
1358 3025 1530 3094 tribuno.“
1557 3025 1644 3092 Post

403 3147 467 3212 que
492 3131 592 3211 turpi.
598 3123 620 3160 “
661 3125 789 3188 Romae
812 3118 1014 3188 nutritusat
1034 3131 1170 3214 augusti
1212 3130 1383 3192 vietotiam
1421 3124 1584 3189 Horatius
1617 3127 1646 3188 ‘a
1701 3165 1706 3170 -

401 3223 523 3289 doctus
554 3219 674 3287 iliada:
716 3221 844 3292 Postea
870 3221 1013 3285 athenas
1013 3224 1195 3320 Vergilio
1194 3221 1350 3290 etVarro
1376 3207 1462 3302 (ιιι1
1483 3220 1625 3288 varrus.
1627 3222 1655 3298 )Ι
1756 3293 1776 3308 ,

375 3311 462 3416 ut:
501 3319 558 3385 u'bi
603 3317 856 3405 plrilosopliiae
877 3338 1012 3403 operam
1028 3303 1523 3386 Meeoenatieommendatus
1513 3342 1547 3384 ιι
1564 3309 1644 3384 omi·
1700 3316 1704 3324 ⁵

316 3413 322 3424 '
371 3451 375 3458 ¹
405 3412 521 3484 tiabat:
541 3425 630 3484 untia
651 3423 764 3480 tamen
786 3417 917 3481 amotus
938 3436 1014 3502 pro·
1035 3433 1157 3481 corum
1176 3437 1313 3482 numero
1339 3417 1380 3481 ab
1404 3417 1464 3482 illo
1485 3422 1652 3500 receptus.

377 3559 378 3566 ι
405 3523 480 3600 pter
494 3515 712 3582 bellaeivilia
728 3518 816 3578 mter
826 3511 1013 3600 Augustum
1036 3521 1089 3578 est
1118 3512 1206 3598 quo‘d
1230 3513 1366 3600 quidem
1389 3513 1506 3580 eadem
1528 3522 1645 3600 satyra

405 3620 441 3678 et
461 3611 510 3678 M.
529 3613 687 3678 Brutum.
714 3612 803 3676 bruti
824 3617 941 3694 portes
964 3631 1017 3674 se·
1034 3607 1132 3676 sexta
1159 3615 1211 3675 aia
1241 3617 1317 3698 ipse
1342 3613 1473 3714 probat.
1514 3611 1646 3696 „Nulla-
1693 3614 1699 3623 “
1738 3613 1743 3618 ’

407 3718 504 3774 outus
534 3718 603 3774 est:
648 3729 667 3772 ιι
696 3728 763 3793 quo
796 3714 832 3770 et
864 3699 1016 3771 tribunus
1035 3697 1153 3772 &enim
1193 3711 1274 3776 milri
1309 3717 1344 3776 te
1389 3730 1471 3783 sors
1501 3705 1641 3775 obtulit:

305 3847 310 3855 ·
408 3803 688 3872 militumfactuse
718 3803 779 3868 aed
790 3802 909 3868 habita
922 3801 1017 3886 elale
1036 3803 1179 3890 optimus
1209 3805 1299 3874 olim.
1335 3792 1529 3899 Vergilius
1562 3809 1647 3918 post

1081 3927 1224 3997 ·13
