3822 4900
432 709 436 715 “
558 695 654 768 Pius
675 691 757 786 jam
780 693 920 788 diligo,
946 700 989 764 tu
1019 699 1128 764 tuum
1154 655 1329 768 sodalem

556 825 704 912 Ninnio
726 823 1174 921 videessstrigosiorem.
1206 865 1252 882 -
1330 883 1334 890 .

320 1048 633 1072 μ-ο-ί-ι-Ι--υιι-

322 1193 441 1262 tullum
471 1194 744 1279 hendecasyllabi
782 1199 878 1266 multi
911 1199 979 1262 osi
999 1193 1098 1259 hodie
1122 1193 1251 1260 dicetur
1272 1199 1308 1264 in
1329 1197 1457 1266 Gallia:
1480 1196 1556 1282 pius
1613 1245 1621 1262 .

322 1293 480 1358 trochaeo
489 1298 664 1378 incipiuut3
683 1304 718 1359 et
729 1295 824 1362 decet
834 1295 930 1360 Mae-
950 1291 1119 1378 emorque
1143 1313 1207 1378 quc
1228 1292 1263 1357 la
1283 1315 1381 1362 rosse
1404 1297 1479 1361 d’uu¹
1504 1315 1556 1359 ou·
1622 1307 1628 1316 ·

323 1395 473 1454 eeuotem
494 1389 574 1452 tulis
597 1385 814 1476 negligentia.
857 1388 930 1453 Mo·
951 1388 986 1452 re
1002 1388 1192 1477 deuilloge.
1236 1388 1387 1472 Vereor,
1407 1409 1450 1456 ne
1463 1390 1559 1455 multi
1611 1443 1621 1459 ,

323 1483 364 1550 do
388 1483 472 1547 illud
502 1483 543 1550 de
564 1485 688 1549 Ninnio
714 1485 836 1550 Crasso
860 1502 936 1554 cer÷
951 1487 1103 1569 hoopro
1133 1489 1283 1549 acumine
1313 1484 1449 1571 gallico·
1467 1486 1559 1550 hubi·

210 1626 219 1650 .
323 1569 391 1644 tius
413 1586 518 1666 esset.
574 1579 700 1643 Ninnio
722 1580 812 1643 haud
833 1579 1016 1645 dubietati
1042 1587 1127 1647 siut=
1160 1581 1328 1664 «ΗΜ-,-
1352 1611 1394 1627 ·-
1422 1576 1561 1663 Repetit
1618 1593 1620 1598 '
1651 1607 1657 1616 ·

323 1683 416 1741 recte
437 1672 583 1759 legitur,
618 1675 705 1759 quod
727 1681 931 1760 comparanti
951 1677 1103 1762 ejusdem
1121 1677 1237 1745 rerba
1267 1675 1490 1742 Murscuunr..
1517 1682 1560 1738 et
1587 1753 1595 1762 .

323 1775 506 1836 varietates
526 1768 648 1836 allatas
667 1771 769 1837 focile
790 1773 931 1857 patebit,
952 1773 1073 1840 Boruu
1103 1780 1136 1840 in
1165 1771 1225 1858 ed,
1248 1771 1287 1838 F.
1316 1772 1359 1836 Η.
1391 1813 1431 1860 ÷
1452 1805 1495 1821 -
1530 1769 1560 1833 ΙΙ
1627 1794 1631 1803 ’

251 1863 260 1874 ’
325 1875 395 1933 tum
418 1873 454 1932 et
475 1871 605 1952 gratior
627 1873 739 1934 existit
768 1876 935 1933 structura
953 1877 1059 1936 seroit
1092 1879 1168 1953 trop
1199 1869 1282 1957 long
1315 1867 1356 1934 de
1385 1871 1561 1951 rapporter
1636 1855 1643 1870 '

194 1971 201 1982 '
325 1959 436 2046 ejecto
467 1960 578 2046 „me.“
639 1963 798 2032 Ninnium
817 1971 935 2052 possis
955 1972 997 2032 ioi
1023 1975 1139 2032 tontes
1170 1966 1237 2031 les*
1255 1965 1372 2047 locons
1394 1981 1470 2046 -que
1490 1959 1560 2024 l'ou

213 2109 216 2116 .
326 2058 495 2145 explicare
516 2081 654 2146 parvum
675 2062 818 2146 muium,
847 2065 936 2128 alius
955 2086 975 2128 a
997 2060 1148 2128 d'onntes
1169 2055 1210 2126 du
1234 2057 1360 2125 second
1376 2067 1411 2122 et
1424 2055 1467 2119 du
1482 2056 1563 2118 troi-

325 2155 481 2237 hinnum,
516 2177 544 2221 s.
567 2165 723 2244 giorum,
756 2167 836 2225 item
866 2156 936 2223 uiu-
956 2159 1062 2226 sidme
1080 2177 1159 2222 vers
1175 2156 1217 2220 de
1235 2161 1323 2228 cette
1342 2152 1563 2239 epigramme:

326 2265 403 2310 uum
425 2248 559 2304 dictum.
604 2249 672 2318 Sed
698 2251 779 2304 mihi
802 2249 937 2322 elegen·
951 2249 1002 2322 joi
1032 2263 1094 2318 cru,
1124 2245 1241 2302 devoir
1268 2248 1424 2320 preferer
1460 2244 1567 2304 celles

327 2343 396 2402 tior
410 2331 542 2397 videtur
555 2331 666 2412 jocus,
689 2337 720 2394 si
738 2333 936 2412 suspiceris,
957 2333 1069 2414 qu’ont
1096 2329 1146 2396 Μ.
1174 2329 1224 2394 Μ.
1254 2329 1395 2408 Wetzei
1423 2339 1462 2408 et,
1485 2331 1565 2396 Mit-

298 2419 410 2495 'es'se
445 2444 564 2490 nomeu
599 2426 743 2491 hominis
773 2423 936 2510 vulgaris,
957 2424 1134 2490 scherlioh-
1156 2459 1199 2470 -
1240 2427 1314 2504 (so.
1336 2425 1482 2503 dnum
1515 2424 1566 2490 Le

329 2524 426 2591 nobis
453 2541 539 2587 nune
558 2527 686 2609 ignoti,
718 2529 801 2586 tunc
827 2539 848 2582 e
871 2539 938 2582 me·
959 2521 1093 2587 oe'le'bre
1126 2522 1271 2588 Vossius
1301 2521 1443 2607 pretend
1473 2527 1566 2600 avoir

331 2620 495 2688 eritudine
533 2623 713 2684 notissimi.
776 2618 863 2684 Nam
904 2623 939 2680 et
958 2617 1137 2687 decouvert
1157 2609 1239 2705 qu'il
1260 2623 1399 2712 existuit
1420 2618 1441 2683 i
1460 2617 1566 2684 Rome
1650 2667 1654 2674 -

199 2793 203 2799 ,
314 2713 487 2787 ‘Ninnium
498 2715 696 2801 Campanam
708 2723 841 2804 gentem
858 2713 939 2776 iuis·
959 2713 1002 2778 dn
1032 2723 1145 2804 temps
1185 2715 1353 2782 d'ilorace
1388 2735 1438 2814 up
1466 2724 1567 2800 poete

196 2831 209 2850 ·
248 2835 281 2912 ζ,
331 2834 371 2881 se
393 2820 572 2900 apparete
594 2812 666 2878 Liv.
683 2812 830 2895 xx111.‚
852 2817 883 2875 8.
905 2814 940 2871 et
959 2813 1088 2879 nomme
1115 2814 1260 2878 Ninnius
1283 2813 1453 2890 Crassus,
1486 2811 1568 2878 dont
1642 2840 1647 2846 ·
1761 2841 1765 2847 ·
1848 2803 1854 2824 ’
1888 2825 1889 2886 i

328 2913 539 2997 ingenuosus
576 2909 671 2974 tuuo'
689 2909 786 2972 lusus
820 2912 875 2970 est
907 2908 939 2967 iu
959 2906 994 2970 lo
1012 2914 1181 2992 muigreur
1202 2904 1411 2988 avoitpasse
1433 2925 1475 2968 en
1491 2928 1567 2990 pro.

333 3006 481 3091 epitheto
500 3003 673 3085 strigosus,
698 3001 789 3086 ,quod
807 3004 942 3091 proprie
960 3001 1082 3084 verbe3
1115 3008 1150 3066 et
1178 3000 1247 3065 l'ou
1276 3006 1393 3063 trouve
1415 3021 1457 3064 au
1479 3008 1567 3067 moin

249 3137 255 3144 ,
334 3100 375 3167 de
391 3101 556 3188 jumentis
575 3099 706 3166 dicitur.
747 3096 870 3178 „volo
893 3103 940 3176 ut,
960 3095 1043 3185 dous
1087 3095 1157 3161 Titi
1165 3095 1272 3161 ·Live
1316 3093 1568 3178 (xxl11.,s.)

288 3197 293 3204 ’
334 3203 390 3283 qui
417 3221 523 3282 nune,
557 3201 606 3262 tui
635 3194 676 3258 ed
703 3199 827 3273 instar,
856 3191 941 3256 bere
961 3193 1042 3278 qu'il
1058 3199 1213 3274 existoit,
1237 3191 1484 3278 euCumpeuie,
1502 3213 1567 3259 une

282 3299 296 3318 ‘'
335 3304 468 3360 curatus
505 3303 542 3362 et
577 3297 712 3379 pinguis
752 3311 847 3370 sum,
893 3291 941 3364 (is
962 3290 1101 3357 Femille
1123 3296 1260 3354 Ninnio.
1316 3291 1366 3357 La
1386 3289 1568 3376 pluisante·

335 3393 423 3453 enim
451 3389 561 3457 fuisse
586 3388 748 3463 videtur),
767 3390 943 3472 strigosior
962 3393 1010 3452 rie
1035 3387 1076 3452 de
1089 3386 1232 3462 Mdodne
1256 3407 1309 3451 me
1330 3385 1460 3471 poroit,
1482 3391 1567 3450 ainsi

335 3484 414 3548 item
434 3483 570 3550 Ninnio.
620 3485 776 3552 Ceterum
806 3505 853 3544 me
880 3489 981 3547 'litia
1010 3482 1059 3548 M.
1095 3481 1349 3565 Miischeriich,
1401 3485 1461 3559 (—··
1487 3479 1585 3552 «Ioni⁴
1648 3520 1652 3532 =

335 3581 455 3639 sodalis
496 3582 702 3667 (sacerdotis
738 3603 757 3646 e
796 3580 942 3665 collegio
963 3601 1010 3646 sc.
1031 3587 1087 3655 -)
1128 3580 1299 3664 beaucoup
1328 3577 1512 3644 meilleure·
1538 3585 1568 3645 si
1593 3637 1627 3650 ..
1657 3601 1665 3610 “

337 3673 501 3742 Titiorum
524 3675 703 3756 sodalium)
728 3679 801 3744 vult
823 3677 872 3742 01.
892 3675 944 3760 Si·
961 3675 1136 3761 l’epithe'te
1156 3682 1331 3759 strigosus,
1366 3679 1421 3762 qui
1450 3689 1583 3760 appar:

280 3783 284 3788 '
335 3793 430 3858 erp,
464 3772 551 3860 quod
573 3778 618 3838 sit
638 3794 743 3862 prope
764 3775 870 3857 idem,
904 3794 943 3840 oc
961 3778 1046 3840 tieut
1064 3782 1278 3864 proprement
1298 3794 1363 3874 eur
1382 3773 1492 3852 bites,
1515 3780 1569 3840 est
