3822 4900
355 756 361 766 .
438 680 628 775 creditum
656 691 740 778 est,
784 678 1110 772 salsamentaiio,
1153 658 1239 755 cum
1264 679 1322 754 illi
1345 679 1502 778 quidam
1528 701 1673 779 exprc·
1741 707 1745 713 ·

344 873 348 884 ,
438 859 791 878 m

437 961 526 1035 sunt,
548 961 603 1039 qui
621 953 682 1020 sub
703 961 875 1040 aspectum
897 955 1043 1036 seruiunt,
1066 951 1221 1018 Carmina
1237 949 1397 1038 l'lacci.“
1428 949 1584 1048 Nasson
1605 959 1672 1035 Via

390 1111 392 1118 A
436 1155 529 1232 que'
562 1154 724 1230 corporei.
789 1148 922 1213 Gaoac.
950 1185 951 1192 κ
981 1142 1045 1212 ‘Fa-
1063 1147 1165 1232 babet
1185 1146 1266 1212 Jani
1289 1152 1320 1210 in
1341 1147 1412 1213 vn.
1433 1145 1512 1212 llor.
1535 1147 1576 1212 ad
1596 1170 1671 1214 ann.

309 1271 314 1280 ¹
435 1265 526 1309 aare.
559 1245 715 1308 Cleemnic.
743 1250 776 1305 in
797 1248 845 1308 ed.
867 1243 938 1322 opp}
961 1267 1043 1306 omn.
1064 1243 1208 1330 dig.·-
1235 1248 1361 1328 repetit
1388 1243 1540 1324 ejusdem
1569 1247 1682 1312 verba·

351 1369 354 1380 ·
436 1345 516 1404 Hor.
539 1338 1254 1425 166,666116666666666666666666.
1294 1339 1435 1420 ibidem,
1468 1377 1508 1388 —
1530 1360 1673 1424 sequun-

433 1473 474 1490 -ω
487 1477 527 1491 -
543 1431 668 1502 Locum
687 1438 960 1504 incunabulorum
980 1437 1044 1502 Pa·
1062 1443 1115 1501 tur
1135 1441 1342 1503 recentiores
1360 1433 1431 1498 fere
1450 1440 1673 1498 amnesi-.-

435 1537 573 1600 triamte
616 1534 743 1600 Noster
771 1535 896 1601 babuit
928 1537 1043 1610 Varro·
1062 1534 1114 1600 De
1138 1533 1268 1600 lloratii
1295 1539 1398 1620 gente
1419 1530 1504 1595 nibil
1527 1537 1672 1615 constat,
1757 1559 1759 1563 ·

356 1707 360 1714 ,
394 1705 399 1710 ,
434 1651 530 1712 aran,
555 1631 824 1709 (hincduvenal.
845 1633 917 1698 Sat.
941 1631 968 1715 l,
992 1639 1041 1696 51.
1062 1637 1128 1696 nisi
1156 1630 1264 1696 fuisso
1294 1650 1387 1712 eum,
1428 1625 1515 1712 quod
1543 1634 1579 1692 et
1599 1632 1673 1712 ipse

431 1717 552 1794 Nostri
590 1728 732 1814 Satyros
772 1735 823 1796 sic
864 1729 1039 1816 indigitat:
1061 1726 1188 1812 prodit,
1210 1726 1360 1794 libertini
1379 1729 1536 1809 generis,
1560 1732 1595 1789 et
1614 1743 1672 1810 pa·

346 1877 348 1884 ⁴
378 1822 381 1830 “
432 1822 540 1904 „haec
562 1845 626 1912 ego
640 1847 704 1890 non
720 1823 854 1890 credam
865 1826 1039 1898 ,Venusini
1062 1830 1127 1890 tria
1139 1825 1364 1890 Venusinam:
1385 1819 1587 1884 'crediderim
1611 1825 1672 1886 eti·

431 1919 753 2008 digna'lucernaW)
769 1923 1041 1988 Dauniorumco-
1062 1941 1114 1984 am
1137 1919 1233 1985 domo
1257 1919 1442 1997 Graecum,
1478 1915 1566 2001 quod
1595 1937 1671 1981 nus·

431 2012 575 2096 ioniam,
606 2019 665 2092 [cf.
694 2017 781 2080 Plin.
812 2017 903 2080 Ilist.
931 2013 1042 2094 L.Ill,
1063 2037 1160 2100 quam
1179 2014 1330 2080 Romano
1351 2031 1445 2074 more
1467 2015 1499 2074 in
1524 2008 1671 2078 Graecu-
1731 2075 1734 2084 .

433 2117 481 2174 11.
513 2110 624 2172 Strab.
651 2109 762 2175 L.v1.
790 2110 881 2174 Vell.
904 2109 979 2174 Pat.
1003 2108 1041 2172 L.·
1062 2110 1114 2175 los
1149 2109 1338 2189 desaeviat,
1366 2112 1442 2169 'imo
1476 2106 1671 2193 quandoque

432 2202 460 2285 Ι,
484 2207 549 2278 la]
572 2243 612 2256 --
638 2203 740 2288 (unde
762 2204 915 2260 Dauniae
939 2203 1041 2262 decus
1061 2225 1122 2262 cos
1145 2203 1325 2278 collaudet,
1348 2202 1404 2262 vel
1418 2202 1578 2264 Romanis
1598 2208 1672 2268 suis

429 2313 584 2359 camenae
616 2298 793 2372 sevocat,
826 2289 889 2354 0d.
909 2290 966 2357 lv.
989 2294 1038 2367 6.)
1059 2291 1235 2357 anteferat.
1266 2291 1420 2357 Baxran.
1448 2323 1489 2342 ·-
1517 2291 1671 2360 Assenti·
1717 2323 1747 2342 ν
1828 2338 1830 2348 «

383 2461 385 2466 ,
427 2411 561 2456 -anno
574 2386 616 2454 U.
625 2385 661 2452 C.
672 2385 837 2452 CDLXll.
851 2375 1038 2471 deductam,
1058 2397 1129 2472 tur,
1151 2386 1509 2474 verbis‘collaudatis,
1532 2389 1623 2458 adh.
1645 2390 1668 2455 l.
1702 2405 1705 2410 ·
1829 2392 1832 2455 1

427 2495 472 2556 iu¹
491 2486 634 2554 confinio
672 2481 856 2568 Apulorum
889 2483 1040 2548 Lucano·
1061 2485 1254 2551 Vannnrus.
1273 2519 1315 2534 -
1334 2517 1374 2532 -·
1419 2493 1424 2500 “
1831 2496 1833 2506 ⁴

427 2602 565 2669 rumque
588 2586 638 2645 ita
659 2585 772 2660 sitam,
793 2588 831 2646 ut
851 2580 1039 2665 ambiguum
1098 2579 1252 2644 Pertinet
1273 2581 1338 2646 huc
1359 2580 1429 2648 Sat.
1453 2581 1480 2647 Ι.
1501 2585 1532 2664 6,
1546 2587 1604 2648 45.
1628 2603 1668 2640 ³-

430 2687 535 2758 csset,
561 2674 602 2740 ad
616 2696 700 2758 quos
716 2679 829 2760 potius
842 2679 1040 2760 pertineret,
1060 2681 1111 2738 et:
1132 2672 1255 2758 „binc
1284 2681 1468 2764 pauperum
1496 2688 1668 2762 parentum

428 2777 574 2858 ipsomet
600 2778 702 2834 teste.
758 2769 847 2846 [Sat.
869 2769 915 2834 Ι..
933 2769 986 2851 ΙΙ,
1009 2777 1039 2853 1,
1057 2767 1270 2857 sanguinem
1300 2791 1339 2834 se
1375 2771 1532 2853 voo·at‚‘⁶
1577 2772 1669 2840 addit
1730 2803 1734 2808 ·
1835 2769 1836 2772 ’

428 2870 590 2945 tal—88.)
640 2864 818 2930 Proximus
849 2874 923 2932 e'rat
944 2887 1039 2932 mons
1058 2867 1337 2956 Donnrso.--·-
1351 2866 1434 2932 Cela
1453 2873 1507 2931 est
1529 2886 1570 2930 en
1591 2888 1668 2952 pro·
1706 2865 1737 2950 J

427 2964 558 3047 Vultur,
582 2971 616 3028 at
637 2967 671 3027 in
690 2961 861 3044 Peucetia,
885 2983 970 3047 quae
992 2961 1039 3028 al·
1057 2984 1136 3048 pres
1160 2971 1284 3028 termes
1305 2961 1389 3026 dans
1409 2961 1445 3027 la
1467 2961 1591 3047 Satyra
1608 2963 1664 3038 vl,
1720 2965 1723 2970 ’
1751 3029 1764 3048 ,

428 3071 503 3130 tera
523 3057 665 3146 Apuliae
686 3079 782 3143 pars·
810 3056 1685 3143 (0d.111‚r‚duL1vrel‚alamannorum,

427 3168 500 3228 9-
508 3160 576 3235 1³)
608 3164 643 3220 et
672 3155 713 3220 dc
742 3155 819 3221 aliis
840 3161 1068 3250 propinquis
1056 3157 1159 3222 redeo
1192 3154 1352 3221 libertino
1389 3165 1485 3243 patre
1516 3155 1666 3239 natum,“

428 3254 657 3344 patriaelocis
676 3251 718 3317 cl.
730 3253 794 3318 0d.
815 3252 860 3333 ll',
882 3259 913 3317 6.
957 3251 1038 3318 Cum
1057 3229 1092 3326 'et
1114 3251 1195 3318 dans
1216 3252 1251 3316 le
1275 3273 1352 3318 vers
1373 3259 1521 3320 84-87.
1542 3293 1583 3320 -,-

427 3363 540 3422 autem
571 3349 714 3444 Apuliae
742 3338 951 3415 contermina
984 3370 1038 3416 es·
1095 3350 1169 3418 Neo
1189 3354 1309 3430 timuit,
1332 3350 1396 3414 sibi
1420 3371 1461 3415 ne
1483 3355 1565 3416 vitio
1588 3354 1664 3442 quis

427 3433 659 3529 settlalabria,
679 3447 757 3512 lrino
771 3444 934 3529 Martiali,
959 3467 1038 3530 poe·
1317 3453 1466 3514 verteret
1489 3446 1582 3530 olim,

354 3569 376 3618 ,’
427 3553 495 3614 tica
517 3555 608 3612 certe
628 3545 787 3627 lieentia,
810 3545 938 3610 Noster
956 3542 1033 3608 dici
1094 3542 1132 3610 Si
1152 3559 1276 3627 praeeo
1296 3553 1429 3627 parvas,
1451 3553 1518 3627 aut,
1541 3553 1578 3610 ut
1599 3545 1664 3612 luit

428 3653 483 3712 tur
504 3643 658 3709 Calaber.
680 3623 843 3724 (LVIII,
866 3648 934 3716 18.)
965 3661 1034 3706 sc..
1326 3643 1411 3726 ipse,
1436 3650 1579 3726 coactor,

379 3777 383 3788 ·
406 3747 504 3823 =,‚sic
523 3740 621 3808 Maro
649 3760 715 3854 666
729 3737 863 3806 Calabri
894 3745 1037 3806 tentavit
1095 3722 1276 3804 Mercedes
1297 3757 1467 3826 sequerer.

1221 3851 1279 3926 2*
