3822 4900
231 489 617 642 4⁰„

339 715 547 794 adducere.
608 713 751 790 Veniet
785 731 881 810 ergo
921 681 1096 788 abista
1113 714 1325 826 parasitica
1355 703 1500 804 mensa,
1522 722 1572 800 ad
1637 792 1650 806 ,.

343 892 711 910 m

336 963 454 1048 odioso
485 975 565 1068 illo,
601 982 689 1072 quod
720 931 819 1052 uocat
848 979 888 1048 cl.
911 1003 943 1047 v.
964 973 1163 1062 Terentius,
1187 991 1222 1050 et
1242 983 1383 1076 Figulus
1403 987 1573 1076 Nigidius.

335 1078 493 1145 Valartus
522 1081 583 1157 (cf.
601 1082 709 1166 spa),
740 1080 842 1148 verbo
864 1085 944 1146 item
965 1075 1130 1141 Orbilium
1144 1077 1429 1170 Beneventanum,
1443 1095 1481 1152 nt
1498 1109 1575 1152 con·

231 1241 236 1248 ,
289 1223 294 1230 -
336 1183 415 1240 aute
435 1175 507 1260 jam
529 1177 749 1262 Rutgerslus:
780 1197 945 1264 quaprop·
963 1180 1050 1254 stat,
1094 1193 1114 1238 a
1146 1195 1250 1262 puero
1287 1182 1431 1266 audivit,
1477 1205 1594 1271 quem⁴

335 1280 408 1336 tera
441 1278 651 1360 -„regiam
680 1294 829 1341 mensam
855 1273 945 1340 ferre
963 1267 1113 1355 appellat
1132 1270 1213 1357 (ΕΡ.
1238 1271 1283 1356 11,
1308 1286 1355 1356 1.)
1378 1280 1574 1370 plagosum:

335 1389 399 1433 nou
442 1373 559 1453 potest
597 1367 820 1458 Rutgcrsius,
869 1372 947 1456 quia
964 1386 1004 1430 ac
1026 1371 1163 1462 mirum,
1186 1389 1283 1454 quam
1307 1372 1402 1454 breui
1423 1386 1575 1466 tempore

337 1464 423 1549 apud
444 1461 615 1533 Romanos
639 1472 731 1554 regis
753 1485 872 1531 nomen
898 1471 946 1528 in·
964 1469 996 1526 in
1019 1462 1115 1528 bouis
1140 1463 1252 1554 literis
1283 1470 1480 1552 profecerit.
1523 1475 1576 1557 In·

334 1559 455 1628 vldiam
476 1559 641 1624 habuerit.
692 1560 762 1626 Sed
787 1559 868 1624 nibil
890 1581 945 1624 ve·
964 1565 1061 1646 genio
1085 1565 1172 1626 enim
1194 1560 1289 1627 facili
1324 1573 1360 1629 et
1379 1570 1575 1638 avidissimo

335 1656 446 1736 tabat,
485 1652 526 1718 ad
548 1659 689 1720 amicum
710 1662 762 1721 sic
782 1655 944 1740 scribere,
964 1654 1072 1721 fuisse
1098 1657 1241 1736 traditur
1265 1663 1298 1722 in
1323 1664 1495 1746 capiendis
1519 1689 1576 1752 op-

334 1754 483 1836 lnprimis
505 1770 567 1845 per
583 1749 734 1834 jocum.“
769 1753 867 1820 Jrnr.
904 1787 945 1800 -
963 1757 1055 1819 timis
1097 1749 1318 1841 disciplinis'
1359 1753 1425 1822 Ubi
1467 1769 1577 1826 autem

335 1846 471 1933 Repeti.
493 1869 545 1940 uu.
562 1846 815 1918 ddMitscberl.
836 1849 946 1916 etBo-
965 1854 1050 1914 satis
1079 1855 1173 1918 visus
1197 1859 1251 1916 cst
1272 1871 1416 1923 navasse
1440 1877 1576 1942 operam

328 1944 394 2010 the
424 1948 457 2007 iu
485 1942 538 2010 ed.
568 1943 607 2026 F.
637 1945 680 2014 Η.
705 1989 746 2001 -
773 1946 825 2012 Ea
845 1947 887 2013 de
908 1943 1079 2013 relatiuis
1101 1947 1243 2029 studiis,
1265 1950 1418 2018 Athenas
1438 1971 1477 2018 se
1501 1975 1576 2026 eon·
1604 2007 1616 2024 r,

339 2062 438 2126 quum
468 2062 489 2107 a
517 2039 622 2110 Petro
658 2065 789 2132 quoque
818 2043 947 2110 Crinito
966 2041 1063 2127 tulit,
1101 2050 1140 2108 ut
1172 2045 1452 2133 Philosophorum
1480 2055 1578 2128 prae·

337 2137 508 2206 arbitrium
537 2141 705 2226 prolatum
739 2147 786 2209 sit
813 2147 847 2208 in
878 2148 951 2208 vita
969 2145 1080 2224 ceptis
1097 2138 1239 2206 liberius
1263 2143 1484 2207 occumberet.
1505 2135 1580 2202 ma-

337 2235 413 2318 ejus
436 2235 640 2318 Horatiana,
664 2244 751 2304 hanc
772 2245 850 2320 quin
872 2241 952 2300 huic
970 2241 1124 2313 ximeque
1135 2235 1375 2312 Epicureorum
1391 2238 1517 2321 placita
1534 2234 1581 2296 vl*

338 2331 356 2400 §
380 2323 628 2402 adscribamus,
665 2326 749 2390 nihil
781 2333 835 2384 est
863 2325 950 2402 quod
971 2321 1068 2398 detur
1084 2321 1267 2400 probasse:
1292 2328 1434 2386 utillud
1456 2329 1582 2388 urbane

339 2415 537 2482 dubitemus·
558 2445 600 2458 -
620 2415 662 2480 0.
679 2413 839 2476 Horatius
855 2409 951 2473 Flac·
970 2405 1094 2470 dictum
1116 2416 1279 2477 testatur:
1303 2415 1430 2498 (Epist
1452 2417 1481 2498 1,
1502 2422 1550 2492 4.)

339 2532 399 2578 cus
424 2513 458 2572 in
481 2506 630 2572 Venusio
658 2504 805 2592 Apuliae
828 2503 951 2591 oppido
1020 2498 1079 2568 Mc
1099 2507 1259 2592 pinguem
1280 2516 1315 2574 et
1335 2507 1473 2576 nitidum
1494 2511 1582 2578 bene
1638 2565 1644 2568 .

339 2607 523 2676 natusest.
564 2603 702 2669 Patrem
721 2601 974 2668 habuitliber-¹
1180 2613 1297 2671 curata
1319 2615 1394 2672 cute
1416 2612 1524 2690 vises,
1646 2664 1650 2672 ,
1685 2591 1694 2604 ’

296 2757 301 2764 .
340 2709 403 2772 tini
424 2706 581 2792 generis,
619 2699 707 2766 unde
727 2689 844 2765 illnd2'
863 2700 952 2778 (Sat.
1013 2688 1122 2768 (laum
1142 2701 1253 2768 ridere
1271 2701 1367 2770 uoles
1381 2702 1518 2797 Epicuri
1541 2704 1583 2772 de

344 2801 373 2888 l,
395 2806 445 2888 ti.)
499 2800 608 2867 ssucm
633 2797 755 2863 rodunt
777 2816 893 2861 omnes
914 2794 954 2859 li·
1179 2821 1286 2889 gsege
1310 2823 1458 2887 porcum,

326 2901 476 2969 “bertino
496 2907 595 2985 patre
616 2904 757 2966 uatum..
793 2889 955 2957 Procerto
1012 2891 1167 2959 Moribus
1188 2897 1297 2960 fuisse
1322 2897 1443 2962 dicitur
1463 2892 1584 2964 subob·
1706 2927 1719 2938 -

335 2996 506 3075 habetur,
550 2992 626 3076 ejus
668 2988 812 3053 natalem
846 2984 956 3052 fnisse
975 2995 1126 3072 scoenis,
1157 2997 1193 3053 et
1218 2989 1260 3052 ad
1286 2990 1388 3054 bilem
1418 2994 1584 3058 interdum

348 3088 482 3158 duobus,
505 3092 638 3152 circiter
664 3089 760 3148 annis
782 3092 858 3149 ante
882 3101 957 3147 cou—
975 3083 1076 3168 paulo
1092 3089 1286 3170 excitatior:
1310 3073 1394 3150 adeo
1408 3107 1491 3175 erga
1505 3095 1585 3153 ami-

343 3187 547 3272 jurationem
570 3173 609 3246 L'.
633 3181 745 3268 Sergii
769 3178 955 3264 Catilinac3
976 3202 1035 3245 cos
1064 3189 1179 3268 gratus
1201 3190 1300 3268 atque
1324 3181 1517 3269 officiosus,
1547 3195 1585 3254 ut
1626 3201 1629 3206 '
1681 3227 1686 3232 -
1740 3217 1746 3222 ·

348 3303 412 3369 quo
441 3287 596 3366 tempore
627 3277 781 3344 celebres
808 3273 910 3342 cr'ant‘
924 3282 956 3342 in
976 3277 1173 3344 nobiliorum
1197 3285 1299 3344 etiam
1316 3280 1439 3346 studiis
1457 3289 1492 3346 ct
1510 3303 1585 3368 gra·
1606 3309 1610 3327 ι

348 3382 508 3460 civitate,
547 3387 589 3444 c'x
621 3375 756 3463 Poetis:
799 3374 957 3442 Valerius
975 3379 1025 3438 tie
1052 3373 1175 3440 clarior
1204 3382 1237 3440 in
1267 3376 1340 3441 dies
1370 3398 1409 3441 ac
1441 3379 1587 3445 nobilior

168 3529 176 3536 .
222 3541 228 3556 ,
349 3472 521 3555 Catullus,
559 3470 708 3539 Licinius
742 3471 885 3554 Calvus,
924 3480 958 3537 ct
977 3478 1080 3559 esset.
1138 3471 1224 3536 Nam
1255 3478 1363 3558 primo
1392 3473 1602 3562 dignitatem
1708 3510 1713 3518 ·

349 3569 492 3640 Helvius
516 3570 639 3655 Cinna3
677 3590 718 3634 ex
740 3568 956 3635 Oratoribus:
976 3570 1196 3644 tribunitiam,
1221 3570 1373 3634 honestis
1394 3591 1397 3594 ·
1416 3573 1586 3659 suffragiis

329 3701 333 3709 ·
349 3667 399 3735 Μ.
417 3665 547 3749 Cicero,
569 3667 610 3731 (l.
627 3664 839 3751 Hortensius,
864 3674 898 3732 et
914 3666 956 3732 ss.
977 3675 1032 3732 cst
1051 3666 1204 3752 adeptuS,
1227 3675 1261 3732 et
1274 3666 1443 3733 Romanae
1459 3669 1586 3757 legioni
1678 3747 1687 3760 κ
1742 3677 1756 3702 '

352 3763 511 3850 Catulus3
535 3761 827 3849 cbeilosopbis:
851 3765 958 3831 Varro
976 3767 1224 3868 praepositusry
1257 3761 1345 3850 quod
1372 3769 1448 3851 ipse
1478 3765 1519 3832 dc
1548 3788 1586 3834 sc
