3826 4860
334 673 394 740 tiis
416 669 652 758 impendenda}
682 668 789 759 iongo
820 687 946 736 sermo·
964 667 1121 764 honeret,
1145 685 1229 756 quae
1242 665 1331 758 Regi
1349 671 1497 758 quotidie
1517 675 1576 742 de·
1621 725 1624 728 -
1715 685 1717 690 '
1755 671 1757 678 “

336 790 398 851 ne,
419 776 477 834 aut
496 770 642 834 verbosa
663 768 776 854 aliqua
793 765 947 851 Epistola
964 765 1131 856 uorandae
1176 776 1253 834 sunt
1290 775 1324 832 in
1367 769 1574 838 administra·

335 867 475 934 multum
498 864 621 951 diuque
642 883 810 948 remorer,
846 871 946 949 atque
964 867 1054 930 tione
1081 869 1199 952 regni,
1238 871 1355 950 totque
1386 866 1576 936 scribendis
1661 946 1664 952 ,
1776 933 1778 938 .

336 961 516 1029 detineam.
563 962 684 1042 (Enii
722 959 782 1026 Ed.
801 993 805 998 ¹
821 959 944 1028 Luem.
966 959 1181 1051 neclegendis
1204 961 1387 1048 epistolis,
1412 969 1576 1051 negotiis·

301 1125 304 1142 ,
336 1058 420 1125 urst.
440 1067 536 1125 '1612
568 1101 609 1113 -
659 1058 802 1126 fluidam
831 1061 947 1123 existi·
967 1079 1030 1144 que
1061 1059 1313 1147 transigendis,
1362 1059 1483 1146 regale
1510 1061 1608 1127 dia-2.

335 1164 443 1237 mant,
475 1164 629 1242 quattuor
650 1161 769 1244 primis
792 1157 947 1221 versibus
965 1155 1062 1222 derna
1087 1157 1179 1221 humi
1206 1154 1392 1241 projectum
1416 1156 1493 1222 inde
1512 1155 1576 1223 tol·
1647 1235 1651 1243 .
1729 1167 1738 1174 '

335 1253 505 1340 epistolae
528 1254 689 1340 quandam
705 1259 830 1340 poetae
850 1273 947 1318 excu-
965 1253 1036 1318 iere
1065 1257 1209 1318 minime
1231 1260 1383 1336 curaret,
1425 1253 1502 1320 sed·
1520 1275 1576 1322 ne.-

277 1349 280 1356 ’
336 1357 503 1442 sationem
516 1357 698 1436 contineri,
721 1349 811 1437 quod
824 1349 866 1414 ad
880 1349 947 1414 Au·
967 1350 1426 1437 gieotumpreetermitteret,
1449 1351 1576 1437 hocque

333 1453 467 1534 gustum
498 1445 679 1513 Caesarem
710 1445 856 1513 carmina
875 1469 947 1512 :non
967 1469 1084 1514 munus
1110 1453 1217 1536 magis
1237 1452 1341 1512 'oneri
1369 1467 1447 1514 esse
1476 1447 1576 1514 domi-

333 1549 473 1629 saepius
493 1547 716 1628 scripsisset,
751 1565 815 1608 nec
836 1551 947 1630 ipsius
967 1550 1080 1628 nanti,
1102 1565 1199 1630 quam
1218 1544 1334 1609 honori
1355 1549 1577 1632 existimaret.

332 1639 424 1706 faeta
459 1638 614 1724 leudibus
639 1640 779 1725 plenius
810 1641 948 1706 extuiis-
965 1639 1186 1707 Proferuntur
1208 1645 1308 1706 etiarn
1332 1639 1489 1726 querelae
1510 1639 1579 1704 An·

333 1746 399 1803 set.
452 1736 563 1821 Hujus
595 1735 728 1822 quidem
763 1743 812 1802 rei
832 1745 948 1821 potest
966 1743 1059 1824 gusti
1080 1759 1100 1803 e
1123 1737 1263 1824 quodam
1290 1732 1400 1824 ipsius
1429 1735 1579 1822 epistola
1614 1775 1641 1822 5

333 1826 530 1922 argumento
549 1856 640 1918 esse,
665 1833 752 1920 quod
768 1835 829 1901 sub
845 1835 947 1901 dinem
967 1833 1007 1898 de
1025 1833 1186 1917 Horatio,
1210 1833 1299 1920 quod
1316 1839 1349 1898 in
1367 1835 1577 1900 sermonibus

333 1931 504 2019 epistolae
526 1939 675 2020 scripsit,
968 1930 1092 1996 nuliam
1104 1929 1250 1998 desisset
1260 1934 1475 2017 imperatoris
1488 1949 1580 1994 men·
1663 2010 1667 2020 „

372 2027 447 2095 Nee
468 2047 644 2096 sermones
667 2052 733 2118 ego
752 2031 889 2098 maiiem
965 2033 1110 2110 tionem,
1130 2029 1185 2095 his
1204 2029 1334 2099 uerbis:
1357 2032 1504 2112 „iratum
1526 2045 1580 2092 me
1643 2098 1665 2105 „
1789 2096 1799 2104 ‚

373 2124 547 2215 Repentes
570 2150 633 2216 per
653 2130 806 2214 humum,
830 2135 895 2194 ete.
966 2127 1114 2192 -nobis
1132 2125 1266 2192 εεεθΡιι
1288 2147 1353 2212 quo
1368 2130 1489 2211 questu
1500 2144 1581 2210 poe·

375 2223 472 2290 Hune
502 2237 615 2292 autem
649 2233 837 2304 opinionem
857 2227 949 2286 sitir-
968 2232 1004 2287 to
1019 2231 1130 2284 motus
1145 2222 1293 2286 fortasse
1305 2227 1422 2306 coepit
1439 2243 1482 2287 se
1504 2241 1581 2306 pur·

334 2327 444 2399 mant,
491 2337 530 2380 se
569 2316 695 2376 habere
726 2331 774 2373 ex
810 2314 948 2393 quadam
967 2315 1127 2400 garciruc
1147 2313 1294 2400 eelogae
1312 2335 1437 2398 „quum
1460 2322 1596 2380 totsu-x

334 2410 484 2497 epistola
514 2407 660 2492 Augusti
689 2403 730 2468 ad
759 2403 948 2488 Horatium,
968 2411 1095 2470 stineas
1126 2403 1219 2470 eto.“
1259 2407 1429 2492 Quidquid
1463 2417 1581 2476 tumen

334 2505 650 2588 cujusmentionem
671 2500 764 2584 feeit,
786 2510 823 2568 ut
843 2501 948 2586 ajunt,
968 2507 1030 2585 sit,
1074 2501 1199 2590 pendet
1235 2503 1301 2567 hoc
1330 2497 1503 2572 exordium
1539 2527 1583 2574 ex
1680 2535 1682 2556 =

297 2607 303 2612 “
335 2603 542 2683 Suetonius,
577 2597 663 2684 quod
699 2597 852 2685 equidem
882 2621 948 2666 non
968 2605 1206 2668 antecessione
1259 2597 1402 2684 ancujus
1444 2624 1580 2690 causae,

332 2701 422 2764 satis
454 2695 536 2760 mihi
553 2695 731 2780 explorate
750 2705 949 2784 perceptum
968 2704 1021 2763 cui
1042 2721 1130 2765 nune
1151 2700 1237 2764 sutis
1263 2696 1345 2762 facit
1370 2719 1412 2764 ex
1433 2700 1586 2768 efficient«

336 2803 371 2860 et
392 2798 558 2880 cognitum
580 2793 699 2860 habeo.
750 2794 868 2861 Refert
892 2797 950 2860 hic
968 2795 1057 2861 tibus
1077 2794 1276 2884 epistolaris
1297 2801 1581 2871 intermissionisu
1694 2877 1697 2882 ¹

337 2890 468 2978 quidem
509 2891 717 2974 historiens,
760 2891 949 2977 Augustum
969 2895 1053 2971 quod
1082 2899 1146 2971 ipsi
1175 2895 1318 2958 mxima
1336 2891 1454 2958 *fuerit
1476 2895 1583 2969 adhuc

336 2988 486 3055 voluisse
539 2986 717 3074 aliquando
761 2985 950 3070 praefi-cere
968 2988 1271 3074 reiigio,-minutis
1295 3006 1336 3050 ac
1353 2983 1487 3060 levibus
1512 2999 1584 3080 epi·

337 3085 511 3152 Horatium
547 3083 704 3169 epistolis
743 3083 949 3169 scribendis,
969 3082 1069 3148 stolis
1089 3083 1202 3166 iilum,
1224 3090 1451 3170 necessariis,
1474 3093 1583 3173 gravi·
1673 3123 1683 3134 ·

287 3193 295 3204 '
336 3184 398 3250 sed
431 3185 521 3250 hunc
551 3179 622 3246 tale
658 3200 777 3247 munus
806 3181 950 3247 honeste
968 3179 1050 3262 bus,
1072 3187 1295 3267 operosisque
1308 3189 1456 3272 negotiis
1473 3182 1583 3268 impii·

336 3302 529 3349 recusasse.
571 3275 737 3346 Narratur
760 3276 839 3368 quid
857 3269 951 3344 simi-
971 3284 1092 3363 catum,
1114 3284 1257 3346 maximo
1280 3285 1366 3364 reip.
1376 3279 1582 3346 incommodo

337 3378 373 3442 le
396 3377 436 3440 dd
458 3378 605 3442 Seleuco
625 3387 729 3464 reg'c,
754 3383 811 3464 qui
833 3376 956 3464 dicitnr
969 3373 1200 3459 interpeidare.
1220 3375 1485 3442 cernemus-
1503 3375 1583 3440 Psi-

340 3469 469 3537 cuidam
492 3479 588 3556 anui,
615 3471 815 3542 felicitatem
834 3478 952 3562 ipsius
971 3477 1135 3538 cerrimae
1162 3467 1263 3558 h'ujus
1285 3471 1462 3556 Epistolae
1485 3491 1584 3560 argu-

339 3565 481 3632 mirifice
502 3569 731 3655 praedicanti,
762 3571 953 3659 respond-is·
971 3575 1116 3632 mentum
1135 3575 1215 3655 ipso
1233 3569 1367 3635 Horatii
1387 3573 1472 3650 vita,
1494 3589 1583 3655 *quae

340 3682 399 3752 se,
423 3666 455 3726 si
477 3669 551 3747 quis
572 3683 690 3751 curas,
712 3667 954 3755 modestiaeque
972 3665 1125 3733 Suetonii
1149 3667 1245 3732 tiudo
1273 3661 1524 3752 circumfertur,
1548 3689 1583 3731 o·
1673 3735 1681 3748 ‚

337 3757 516 3845 explorate
538 3772 717 3848 perceptos
739 3773 778 3833 et
800 3773 953 3854 cognitus
971 3761 1110 3832 stendit,
1145 3763 1255 3834 Quum
1272 3763 1376 3850 igitur
1394 3759 1496 3828 editis
1512 3785 1583 3831 ser·
1645 3759 1649 3762 ’

1404 3889 1407 3892 ·
1449 3881 1581 3931 monum
