3872 4848
197 787 200 798 ι
253 829 257 836 ,
328 750 428 818 villas
453 751 738 832 censeant120),
773 757 936 814 annnam
958 745 1073 811 modo:
1104 752 1228 819 Sabine
1256 757 1345 820 enim
1365 759 1401 820 st
1424 753 1566 820 Tiburti.

330 851 373 895 na
395 837 703 903 commemorantur.
758 829 812 894 De
848 849 890 894 en
912 841 949 892 re
973 847 1051 890 aero
1073 830 1169 912 plura
1190 834 1360 900 disserere
1391 855 1489 920 quum
1512 837 1567 902 hio
1632 901 1635 906 .

328 909 426 974 locus
445 931 512 974 nou
535 917 599 992 sit,
622 910 654 974 id
676 911 785 978 solum
807 907 986 988 addamne,
1020 908 1107 992 quod
1136 909 1287 984 Suetonii
1303 921 1338 956 ¹²
1355 918 1386 990 ¹·]
1410 936 1475 978 non
1497 937 1567 980 mo·

241 993 244 1000 '
329 989 619 1072 dotesttmomo,
657 991 718 1056 red
746 996 848 1056 variis
885 1005 1024 1075 qnoque
1047 993 1157 1072 ipsius
1177 994 1397 1074 poetae¹⁸²J
1429 1015 1568 1080 operum

224 1079 228 1083 “
279 1080 284 1090 ’
317 1067 415 1135 locis
436 1069 568 1152 liquere
598 1071 698 1136 nobis
720 1071 894 1150 videatur,
926 1072 1054 1146 vixisse
1087 1069 1250 1134 Nostrum
1284 1067 1429 1137 libenter
1458 1075 1568 1142 admo·

329 1147 406 1214 dum
427 1153 460 1212 in
480 1155 570 1214 ruris
591 1169 819 1232 secessn,.ac
839 1150 976 1236 degisse
998 1147 1064 1230 ibi,
1096 1150 1313 1213 hominurn-a
1335 1159 1431 1216 coetu
1458 1172 1569 1220 remo·

329 1235 399 1294 tum
409 1275 420 1312 ,
442 1233 563 1310 vitam,
586 1238 623 1294 ut
643 1237 692 1296 ita
713 1231 883 1313 dieamus,
905 1243 989 1294 vere
1008 1227 1276 1314 philosophicam
1293 1235 1302 1268 ¹
1317 1229 1330 1300 ²,
1343 1231 1391 1306 ἲ).

216 1327 252 1376 ‚⁴
347 1333 350 1340 ¹
454 1307 548 1374 Satis
573 1317 660 1376 euim
681 1332 755 1379 cum
776 1311 884 1376 iactus
907 1314 1002 1373 esset
1024 1309 1226 1393 opulentus,
1259 1313 1315 1394 qui
1338 1313 1407 1380 otio
1433 1319 1569 1394 exopta-

330 1391 465 1454 tissimo
485 1385 667 1475 gauderet,
698 1397 825 1474 amicos
849 1389 890 1454 ad
912 1409 951 1454 se
974 1409 1205 1474 nonnunquam
1226 1397 1384 1470 vocaret,
1419 1408 1480 1472 per
1512 1383 1570 1454 sil-

243 1493 245 1496 *
329 1487 389 1532 vas
420 1489 459 1532 ac
487 1475 584 1552 prata
611 1471 817 1556 praedii-sui
832 1478 1014 1555 poetarum
1035 1469 1231 1535 admodum
1262 1468 1465 1547 ambularet,
1495 1469 1569 1535 nul·

163 1536 168 1540 ⁵
232 1569 233 1572 ¹
330 1545 442 1632 lisque
464 1549 566 1614 rebus
585 1551 730 1634 publicis
748 1552 1004 1636 implicaretur,
1026 1549 1108 1614 nihil
1129 1549 1309 1632 Nostrum,
1338 1553 1513 1634 quominus
1534 1555 1571 1614 et

329 1627 414 1710 sibi,
437 1636 472 1710 et
492 1649 534 1694 ae
559 1625 708 1714 ualibus',
742 1640 779 1696 et
798 1636 950 1716 posteris
979 1634 1129 1711 viveret,
1153 1630 1371 1714 irnpediiase,
1391 1647 1452 1712 pro
1475 1635 1569 1692 certo

238 1728 242 1730 ·
330 1705 504 1780 habemus.¹
573 1732 658 1775 xeo
682 1717 789 1792 enim,
813 1710 899 1794 quod
921 1717 1025 1774 totum
1048 1730 1087 1775 ae
1104 1710 1216 1774 literis
1231 1709 1436 1787 addixisset,
1459 1711 1570 1850 iisque

330 1793 552 1874 praesertim,
575 1810 683 1873 quae,
713 1790 1007 1873 humanasaeque
1031 1811 1069 1854 ac
1090 1789 1220 1872 divinas
1249 1810 1306 1852 res
1328 1794 1490 1872 quianon
1522 1807 1571 1868 ,o—

238 1911 243 1916 -
329 1872 418 1947 cent,
439 1865 694 1952 philosophicae
713 1876 934 1950 nominantur,
952 1872 1074 1937 facturn
1097 1876 1228 1950 erat,ut
1249 1867 1437 1952 aequalium
1459 1869 1572 1932 mores

327 1943 542 2030 poematibus
565 1953 637 2014 suis
657 1948 702 2012 ad
723 1948 844 2013 melius
865 1960 1031 2027 vertere,
1057 1957 1251 2032 tantumque
1270 1949 1326 2012 his
1353 1947 1471 2010 inflare
1492 1965 1572 2028 pos·
1665 1991 1672 1999 -

329 2033 386 2088 set
408 2022 592 2090 divinitatis
614 2032 788 2110 spiritum,
818 2037 877 2107 ut,
900 2026 1050 2092 omnibus
1073 2027 1204 2110 quoque
1226 2031 1416 2114 appeteris
1438 2031 1570 2092 immor·
1665 2033 1668 2040 '

297 2120 305 2126 ·
330 2101 486 2166 mortalia
504 2123 546 2167 ea
565 2103 713 2171 habiturn
735 2112 916 2190 iri„nemo
937 2127 1002 2170 non
1025 2106 1214 2172 arbitretur.
1253 2183 1257 2188 ¹

340 2226 693 2245 m

275 2329 279 2335 .
345 2251 430 2354 vtat)
449 2287 484 2342 cl.
509 2305 578 2360 quae
605 2305 637 2346 ea
662 2289 694 2344 de
718 2309 750 2344 re
770 2288 806 2346 ad
824 2249 1176 2368 §ma'vttestriaexhitn
1193 2289 1246 2348 riri
1266 2288 1326 2360 dd,
1354 2248 1479 2364 inprimis
1497 2274 1570 2371 Pete

451 2359 621 2412 sententiam.

302 2439 304 2444 ’
363 2443 654 2509 {convicta-

312 2525 954 2598 ¹,12'1)cf.inpr.sspist.l‚td,⁵ete.-
1036 2585 1039 2590 Ι

365 2611 432 2676 ²23)
451 2599 636 2680 adponamue,
654 2607 751 2669 liceat,
772 2613 791 2662 J
796 2607 856 2669 ani,
876 2625 902 2656 r.
921 2601 1006 2670 demi,
1029 2604 1114 2658 verba
1132 2607 1275 2676 quaedam.
1301 2611 1342 2670 (in
1361 2611 1489 2664 0d.'1'.l.
1508 2610 1568 2676 ci.)

436 2707 487 2735 r-
506 2679 530 2729 A
546 2675 724 2758 philosophia
743 2675 813 2726 vitae
833 2674 912 2726 etiam
933 2689 1057 2744 magnum
1076 2674 1162 2726 virum
1181 2691 1368 2744 agnoscamus.
1398 2690 1399 2694 ’
1419 2679 1507 2730 Nihili
1529 2679 1589 2732 fa··
1672 2701 1675 2708 ·

455 2747 545 2801 aicbat
562 2757 725 2816 potentiam,
749 2743 990 2814 magnificentiam,
1008 2755 1099 2814 opes,
1127 2743 1234 2864 pieriae
1253 2745 1342 2796 inania
1361 2763 1393 2799 ac
1413 2743 1569 2799 divitiarum

452 2817 637 2889 splendorem,
654 2831 813 2884 omnemque
828 2813 905 2865 illam
924 2812 1090 2895 felicitatem,
1109 2829 1124 2866 a
1163 2829 1243 2934 quam
1267 2815 1371 2895 videret
1389 2817 1484 2868 aetatis
1503 2833 1567 2872 suae
1631 2821 1634 2830 ¹

408 2917 409 2924 κ
452 2885 754 2959 Ιιοιυὶυυηᾶερίταη,
784 2884 812 2935 iu
840 2901 957 2954 quorum
981 2883 1070 2936 studia
1090 2900 1149 2936 cum
1181 2893 1243 2934 ento
1260 2901 1319 2935 rtsu
1338 2884 1507 2956 despiciebat
1525 2905 1568 2940 ex·

454 2961 549 3038 v'celeus
561 2982 619 3050 ejus
638 2981 752 3035 animus.
788 2977 903 3032 Beatum
920 2995 980 3031 eum
999 2978 1119 3032 faciebat
1136 2943 1251 3030 'Histri
1268 2979 1383 3050 Epicuri
1393 3017 1405 3044 „
1421 2979 1449 3030 h.
1468 2989 1569 3050 tempe.
1665 3013 1667 3018 .
1732 3029 1735 3038 ¹

415 3101 418 3105 .
452 3066 514 3113 rata
532 3053 583 3106 illa
601 3051 682 3104 animi
703 3049 881 3120 compositio,
908 3050 1134 3121 tranquillitatem
1153 3063 1180 3105 et
1200 3051 1284 3106 otium
1303 3051 1397 3102 summi
1416 3049 1483 3102 boni
1503 3050 1568 3104 loco
1605 3089 1607 3098 ,

452 3122 575 3188 liabens,
594 3121 756 3192 cupiditates
774 3135 920 3185 coercens,
939 3121 1007 3172 nihil
1026 3121 1183 3188 admirans,
1211 3123 1231 3172 i.
1250 3120 1288 3172 nil
1309 3121 1437 3191 cupiens,
1457 3119 1495 3170 nil
1514 3138 1568 3173 me·

452 3205 530 3249 tuens
550 3191 710 3256 admodum,
737 3199 843 3244 sectans
861 3191 1058 3244 mediocritatis
1075 3191 1103 3244 in
1122 3193 1177 3245 vita
1197 3192 1304 3262 privata
1323 3189 1520 3243 securissimum
1541 3201 1568 3243 et
1601 3191 1606 3202 '
1696 3201 1706 3208 ⁸

254 3271 259 3280 ’
350 3275 354 3280 “
405 3293 411 3304 ,
456 3262 617 3318 tutissimum
635 3273 747 3324 etatum,
765 3259 848 3312 rebus
867 3260 938 3326 auia,
957 3262 1036 3313 etiam
1055 3253 1162 3332 parnis,
1181 3261 1315 3334 garriens,
1333 3256 1460 3313 hilariter
1473 3259 1589 3314 fruena'

455 3332 664 3410 praesentibus,
689 3331 809 3402 undique
831 3329 1187 3404 decerpena=jucunditatis
1213 3331 1309 3399 florea,
1337 3332 1369 3384 de
1394 3329 1491 3382 futttria
1512 3349 1566 3383 non

324 3432 333 3444 ·
427 3434 428 3439 =
455 3403 553 3468 anxia,
572 3403 645 3456 curis
663 3401 788 3456 omnibns
806 3401 931 3468 inimica,
958 3417 1012 3454 non
1030 3401 1151 3470 pendens
1170 3419 1184 3454 a
1204 3399 1287 3454 rebus
1308 3401 1440 3466 externis,
1459 3417 1507 3452 nec
1526 3400 1567 3454 fo-

453 3471 647 3546 ris'q'uaercna
667 3472 838 3538 felicitatem,
861 3471 908 3524 ted
922 3474 1010 3536 intua,
1028 3469 1076 3522 ubi
1093 3484 1192 3525 natura
1210 3469 1298 3537 offert.
1341 3473 1408 3524 Eam
1433 3469 1566 3524 excelsam

456 3562 489 3600 ac
511 3541 629 3597 nobilem
648 3543 823 3614 sapientiam,
847 3543 923 3610 eujus
944 3543 1002 3611 ipse
1024 3559 1096 3593 exem
1118 3543 1172 3596 lum
1186 3539 1266 3606 erat,
1313 3542 1485 3594 ulehcrrimis
1504 3559 1565 3596 car-

400 3643 407 3654 ,
453 3615 570 3668 minibus
588 3613 703 3680 occinit,
722 3624 804 3684 atque
816 3613 916 3678 ,amieis
936 3611 1032 3676 etiam,
1052 3561 1151 3683 quibus
1169 3613 1239 3694 opus
1258 3559 1378 3676 vitlbret,
1397 3613 1565 3666 commenda·

453 3687 492 3738 vit
510 3685 650 3738 Horatius.
666 3689 703 3724 -'-
726 3695 805 3737 etcm.
828 3709 865 3724 -
898 3680 933 3734 cf.
960 3698 1068 3762 quoque
1088 3681 1204 3755 Georgii
1218 3680 1341 3733 Fabricii
1361 3682 1565 3738 Ghemnicenaia

400 3811 403 3824 ‚
458 3751 546 3826 praef.
566 3753 598 3806 de
617 3755 734 3807 Horatio
752 3754 865 3824 ejusque
877 3751 1004 3822 scriptis,
1023 3769 1073 3804 nec
1092 3771 1147 3805 non
1167 3769 1237 3824 qnae
1255 3769 1288 3805 ea
1303 3753 1335 3807 de
1349 3771 1380 3808 re
1395 3754 1488 3808 exhibe
1501 3754 1565 3810 Om-

457 3840 574 3890 mercn.‚
592 3822 745 3890 wiciaco,
763 3822 880 3890 Preion,
897 3820 1138 3900 Vanderbonrgiua
1152 3835 1205 3878 etc.
1222 3850 1260 3866 -
1386 3814 1392 3842 ⁸
