3822 4900
415 455 418 461 ι
626 443 638 456 ⁴
985 442 1098 479 ἰ

331 527 1136 609 ιι·

325 744 452 840 primo
477 745 712 842 Maecenati,
741 764 833 824 mox
858 749 1041 848 Augusto
1065 750 1107 824 in
1133 745 1305 848 gratiam
1322 753 1559 852 insinuatus,

309 1003 431 1078 'Giano
459 1041 524 1094 ma,
556 1019 752 1088 nt'Valart.
784 1055 821 1070 —
857 1023 932 1098 alii:
951 1019 1069 1107 procul
1098 1012 1202 1090 ,dubio
1241 1025 1295 1094 liis
1331 1025 1560 1094 celeberrimis

324 1120 350 1176 t.
383 1122 406 1177 t.
439 1135 467 1180 sa
500 1121 663 1193 Hinnulo,
707 1129 742 1184 ut
775 1121 933 1207 Baumg.-
951 1124 1082 1202 poetis,
1105 1139 1188 1203 quos
1205 1130 1341 1208 saepius
1352 1123 1469 1188 laudat
1484 1129 1560 1188 arni·

326 1208 425 1275 (irus.
445 1246 486 1260 -
505 1213 583 1290 (sed
603 1215 688 1298 plur.
712 1216 754 1284 de
774 1219 806 1283 lr.
823 1218 844 1281 l·
867 1217 932 1281 vid.
953 1236 1029 1299 cos,
1053 1224 1129 1280 aute
1151 1225 1250 1283 notus
1271 1221 1352 1303 furit,
1384 1241 1478 1305 quam
1502 1221 1564 1285 ali·
1647 1277 1650 1281 .

323 1306 386 1369 sub
420 1311 448 1368 B
477 1311 538 1378 acl.
572 1333 602 1398 q.
633 1312 656 1378 l.
690 1320 803 1399 potins
830 1317 934 1400 perti-
953 1319 1032 1396 quot
1064 1317 1191 1404 ingenii
1222 1322 1345 1397 poetici
1364 1323 1561 1402 specimina

324 1421 404 1468 nere
425 1405 606 1485 videntur.)
625 1441 667 1456 -
953 1407 1098 1472 dederit:
1136 1409 1275 1496 Virgilii
1285 1420 1560 1499 autemprimnm,

292 1501 293 1506 ’
362 1503 404 1563 B.
425 1541 465 1554 --
487 1503 540 1570 De
562 1503 596 1566 la
608 1501 757 1568 manie're
778 1501 858 1569 dont
879 1523 932 1568 ee·
951 1502 1072 1570 deinde
1100 1504 1194 1571 Varii
1229 1527 1332 1590 opera
1362 1507 1561 1577 Horatiusa

162 1639 166 1646 -
192 1595 196 1600 ’
320 1615 375 1681 cy·
388 1605 442 1662 est
460 1597 563 1678 ecrit,
584 1619 629 1660 on
645 1605 798 1681 ponrroit
810 1605 932 1682 croire,
950 1599 1153 1668 Maecenate
1164 1601 1297 1672 scoram,
1309 1601 1476 1668 admissus
1494 1616 1560 1689 est,
1627 1625 1635 1630 ·

286 1753 290 1764 ,
323 1691 511 1778 qu’Horace
532 1713 575 1756 ne
591 1714 786 1776 ,commones
801 1696 825 1760 al
840 1705 932 1781 estre
952 1717 990 1761 ao
1010 1698 1110 1782 paulo
1128 1706 1207 1785 post
1222 1704 1404 1764 amicornm
1421 1699 1496 1764 albo
1514 1707 1560 1764 iu-

249 1781 262 1811 ‘
321 1810 430 1854 connu
443 1788 661 1859 deMceeuas
676 1792 832 1878 qu'apres
852 1795 931 1879 qu'il
952 1799 1109 1881 scriptus.
1151 1796 1242 1874 (Sat.
1258 1796 1306 1878 1.‚
1336 1802 1374 1877 6,
1393 1803 1432 1860 52
1445 1831 1477 1844 -
1491 1796 1563 1872 63.)

221 1951 224 1964 ,
321 1893 379 1952 eut
401 1885 462 1952 fait
486 1893 531 1951 'sa
557 1892 636 1972 paix
657 1908 742 1952 avec
762 1888 930 1977 Auguste,
949 1890 1023 1956 Ista
1049 1913 1131 1957 vero
1159 1913 1190 1958 a.
1213 1915 1253 1958 ιι.
1271 1891 1471 1974 necilli,
1504 1891 1561 1956 vel

318 1990 358 2048 et
378 1981 497 2048 aelretr'e
521 1980 568 2058 la
583 1986 718 2073 charge·
738 1986 783 2052 de
811 1988 932 2054 Secre·
951 1993 1100 2072 proxime
1118 1993 1334 2076 insequenti,
1360 1995 1559 2075 contigisse,

192 2079 197 2085 ’
320 2085 417 2146 taire.
454 2079 562 2148 ‘Mais
589 2085 679 2150 c’est
701 2093 739 2150 ee
761 2105 826 2171 qne
846 2083 932 2151 Sue·
950 2085 1147 2172 persuaderi
1167 2100 1308 2171 nequeo.
1351 2085 1487 2169 Etenim
1506 2105 1561 2148 ve·

320 2185 400 2246 tone
419 2199 471 2244 me
499 2189 580 2264 peut
605 2201 669 2267 pas
704 2189 800 2248 avoir
827 2179 930 2253 ecrit:
951 2183 1189 2260 risimiiejnon
1217 2183 1368 2264 videtur,
1401 2179 1565 2246 Nostrum

319 2293 378 2336 car
396 2292 440 2332 an
459 2281 627 2333 contraire
645 2293 687 2332 ec
704 2277 756 2332 fut
769 2277 932 2334 Mecenas
952 2281 1065 2334 statim
1087 2283 1167 2350 post
1179 2277 1323 2336 reditum
1345 2283 1393 2334 ita
1415 2279 1565 2336 carmini-

238 2377 240 2380 ·
303 2369 378 2470 *qni
407 2361 442 2425 le
457 2368 577 2434 servit
604 2361 780 2434 utilemeut
807 2361 1026 2443 supra-sons,
1049 2360 1258 2445 quibuscum
1278 2361 1409 2427 demum
1427 2383 1565 2446 operam
1685 2423 1687 2432 ,

209 2503 212 2510 f
303 2451 364 2524 de
393 2477 431 2522 ce
464 2452 624 2538 Princo,
646 2463 681 2522 et
698 2459 775 2540 qni
807 2452 866 2538 luy
890 2453 933 2519 fit
952 2461 1104 2536 navarit,
1134 2452 1358 2539 inclaruisse,
1394 2464 1452 2522 ut
1456 2465 1564 2524 eonti-

319 2554 455 2626 obtenir
474 2575 538 2620 son
561 2551 705 2672 pardop,
737 2559 775 2618 et
805 2554 933 2619 u’avoir
953 2573 1016 2618 nno
1037 2548 1221 2635 majoribus
1239 2550 1352 2616 aetate
1368 2559 1492 2638 poetis,
1514 2563 1562 2620 at·
1616 2597 1620 2606 x

319 2673 384 2719 son
412 2652 490 2717 bien
523 2657 578 2736 qni
602 2655 693 2716 avait
713 2657 790 2716 este
809 2648 940 2714 confis-
953 2669 1016 2736 qne
1036 2667 1100 2732 per
1120 2667 1182 2714 eos
1202 2645 1398 2728 Maecenati
1420 2651 1563 2718 familia·

323 2747 398 2836 que.
441 2747 590 2818 Suetone
621 2767 670 2814 ne
691 2746 800 2834 parl
791 2768 850 2834 icy
868 2765 932 2831 qne
952 2753 1000 2811 ris
1020 2745 1130 2812 fieret.
1182 2745 1324 2812 Videtur
1349 2744 1472 2832 hujus
1482 2754 1562 2814 ami·
1613 2765 1614 2770 ’

262 2869 265 2880 ’
322 2848 367 2914 du
397 2854 508 2966 temps
537 2845 660 2934 auquel
684 2845 817 2911 Horace
843 2863 933 2906 com·
938 2845 1054 2910 ciliae
1089 2842 1399 2928 familiaritatisque
1436 2845 1564 2934 epocha

192 2955 193 2960 ’
319 2966 441 3026 manea
465 2946 485 3009 is
504 2954 618 3010 entrer
634 2942 717 3008 daus
737 2941 773 3004 la
791 2937 932 3002 familia·
954 2961 1038 3004 auno
1067 2940 1197 3004 demum
1226 2937 1354 3002 labenti
1383 2940 1560 3005 Dccxvl

322 3040 387 3106 rite
421 3040 463 3106 de
492 3040 676 3122 Meceuas,
717 3044 752 3101 et
783 3033 806 3099 i
840 3041 932 3100 estre
953 3035 1122 3135 affigenda
1151 3053 1244 3098 esse.
1294 3033 1425 3099 Idcirco
1456 3035 1562 3120 (S..,l

322 3129 431 3207 adnuis
464 3137 548 3204 daus
587 3156 628 3201 sa
665 3131 858 3197 conlideuce
898 3140 989 3216 etti,
1011 3117 1080 3209 58]
1119 3154 1230 3192 novem
1268 3139 1346 3198 ante
1378 3131 1562 3216 mensibus,

324 3235 406 3302 daus
426 3235 648 3320 sesplaisirs.
681 3229 831 3295 Βιιιιιιι.
843 3269 934 3282 --
954 3251 1001 3296 sc.
1023 3251 1054 3294 ιι.
1076 3251 1108 3294 ιι.
1124 3227 1289 3294 Docxv.
1313 3237 1485 3311 currente,
1508 3229 1565 3296 vel
1619 3277 1626 3286 -
1680 3272 1685 3279 -
1785 3313 1792 3318 .

268 3369 277 3378 -
324 3330 376 3395 Ex
405 3352 466 3416 eo,
495 3330 582 3418 qnod
613 3328 774 3393 Horatius
802 3325 934 3392 demum
954 3317 1089 3394 ineante
1113 3331 1283 3417 proximo,
1317 3325 1477 3392 Horatius
1499 3331 1565 3412 pri·
1583 3365 1587 3372 -
1660 3337 1662 3343 ’
1699 3415 1703 3430 ι

325 3434 404 3510 post
440 3429 605 3510 proelium
634 3425 850 3512 Philippense
881 3445 935 3489 ea
955 3445 1041 3490 mum
1066 3423 1262 3518 Maecenati
1298 3433 1408 3492 notus
1466 3423 1563 3490 Mss-

325 3540 408 3587 nere
430 3527 612 3607 inceperit,
646 3523 828 3609 colligunt,
860 3543 935 3588 cnm
955 3544 1034 3587 sorr.
1057 3543 1088 3587 v.
1112 3520 1192 3588 Hor.
1217 3541 1292 3585 auu.
1315 3529 1382 3586 aet.
1405 3519 1566 3586 xxlv-
1645 3547 1648 3554 ’

326 3615 414 3684 haud
434 3617 520 3680 ante
532 3639 650 3685 annum
669 3640 701 3685 n.
721 3641 750 3684 c.
768 3619 935 3703 Dccxiv
956 3618 1060 3685 XXV.
1093 3627 1128 3684 et
1144 3611 1501 3708 ‘xxvii-xxviii.
1525 3657 1564 3672 -

289 3769 291 3775 .
327 3721 366 3796 in
384 3709 518 3796 Virgilii
540 3713 700 3802 Variique
726 3724 876 3784 notitiam
898 3738 936 3781 ac
957 3715 1042 3781 Huic
1072 3715 1224 3782 Suetonii
1256 3720 1353 3781 vitae·
1381 3714 1458 3784 loco
1492 3735 1565 3783 cum

234 3871 237 3880 .
326 3811 507 3878 amicitiam
535 3814 683 3878 venisse.
738 3810 813 3884 Nec
850 3820 938 3882 euim
957 3823 1143 3904 congruant
1157 3819 1248 3882 uitae
1266 3812 1419 3900 reliquae
1436 3833 1578 3898 omnes,
1646 3833 1651 3844 “
