3822 4900
594 395 598 402 ι

418 427 420 433 .
629 413 641 428 ⁸
988 411 992 424 ¹

1095 431 1101 448 Ι

567 483 569 488 .
969 481 976 495 s
1113 479 1116 487 ι

335 500 385 581 [4
443 513 449 522 ·
506 537 509 541 ,
724 527 732 534 .
771 512 773 522 ·
859 523 872 555 u
927 541 931 547 Α
1030 527 1039 538 ,
1136 523 1139 533 .

394 566 402 590 ,ἱ
488 569 490 572 .

296 637 299 642 .
704 627 705 637 l
765 629 769 634 ¹
1000 617 1008 626 ⁸

329 717 455 814 primo
480 715 715 812 Maecenati,
802 731 807 748 ¹
833 723 836 730 ’

313 976 434 1050 'Giano
463 1012 527 1066 ma,
561 999 598 1056 ut
628 990 755 1058 Valart.
787 1015 839 1040 -··
861 993 935 1068 alii:
955 990 1072 1077 procul
1101 980 1205 1058 'dotto
1244 979 1298 1062 his
1335 957 1564 1062 celeberrimis

328 1093 353 1148 t.
386 1093 410 1148 t.
433 1108 471 1152 sa
504 1092 666 1164 thnulc,
710 1099 745 1154 nt
779 1091 936 1176 Baurng.-
955 1093 1086 1172 poetis,
1109 1108 1192 1173 quos
1209 1099 1344 1177 saepius
1355 1091 1472 1157 laudat
1487 1097 1564 1156 arni-

329 1181 429 1246 Crus.
448 1217 489 1232 -·
509 1178 587 1262 (secl
607 1186 691 1270 plur.
715 1185 758 1254 de
777 1188 810 1251 h.
827 1187 848 1251 l.
871 1186 936 1250 vid.
957 1205 1033 1268 cos,
1057 1193 1133 1250 ante
1155 1193 1254 1252 notus
1275 1189 1355 1278 furit,
1387 1211 1482 1274 quarn
1506 1189 1568 1252 ali·
1652 1245 1654 1249 .
1765 1271 1769 1278 q

327 1279 390 1342 sub
424 1283 452 1340 B
481 1283 543 1350 ad.
576 1305 606 1368 q.
636 1283 660 1348 l.
694 1290 806 1369 potins
833 1287 937 1368 perti·
957 1290 1036 1366 quot
1068 1287 1195 1368 ingenii
1226 1291 1348 1366 poetici
1380 1291 1565 1370 specimina

262 1403 265 1408 ·
328 1394 408 1440 nere
429 1376 610 1456 videntur.)
629 1413 671 1427 -
957 1376 1102 1442 dederit:
1139 1364 1280 1464 Virgilii
1289 1389 1398 1446 autem
1411 1389 1564 1467 primum,

214 1525 215 1530 ,
367 1475 408 1536 B.
430 1513 470 1526 .-
491 1475 544 1542 De
566 1473 600 1537 la
612 1472 761 1539 muniere
782 1471 863 1539 dont
883 1495 937 1539 ce·
955 1472 1076 1538 deinde
1105 1473 1199 1541 Varii
1233 1496 1336 1559 opera
1366 1477 1566 1544 Horatiusa

196 1569 201 1574 ’
325 1587 379 1654 cy·
393 1577 447 1634 est
465 1569 568 1650 terit,
588 1591 634 1633 on
649 1576 802 1654 pourroit
815 1576 936 1653 croire,
954 1569 1157 1637 Maecenate
1170 1570 1301 1641 scoram,
1313 1570 1481 1637 admissus
1498 1583 1564 1657 est,
1631 1593 1639 1598 ·

291 1726 295 1738 ,
327 1663 516 1750 qu’llorace
537 1685 580 1728 ne
596 1681 791 1748 commanos
807 1667 830 1732 a
844 1676 936 1749 estre
957 1687 995 1731 ac
1014 1666 1114 1752 paulo
1132 1676 1211 1755 post
1226 1673 1409 1732 amicorum
1425 1667 1501 1732 albo
1518 1675 1566 1734 in·
1702 1669 1708 1678 '

253 1755 266 1784 ²
325 1761 837 1848 counudaMacenasqu'apres
857 1764 937 1850 qu'il
957 1770 1114 1851 scriptus.
1156 1765 1569 1847 (sac.1.,o,5c-oa)

226 1923 229 1936 ,
326 1866 384 1924 eut
406 1859 467 1926 fait
491 1866 536 1922 sa
562 1863 641 1944 pair
662 1880 747 1924 avec
767 1860 935 1948 Auguste,
953 1860 1028 1926 lsta
1053 1881 1136 1926 vero
1164 1881 1195 1927 a.
1217 1885 1258 1926 u.v
1276 1860 1476 1943 cccxlv,
1509 1859 1566 1924 vel

323 1963 362 2020 et
383 1953 502 2020 achaia
526 1955 571 2029 la
588 1957 723 2044 charge.
743 1957 788 2023 de
815 1959 936 2024 Secre-
955 1963 1105 2043 proxime
1122 1962 1339 2046 insequenti,
1365 1961 1564 2044 contigisse,

197 2051 202 2058 '
326 2057 422 2117 taire.
459 2051 568 2120 ,Mais
594 2057 683 2120 c'est
705 2076 744 2121 ce
766 2075 830 2141 quc
850 2054 936 2121 Sue·
954 2055 1151 2142 persuaderi
1171 2069 1312 2140 nequeo.
1356 2053 1491 2119 Etenim
1511 2073 1566 2117 va·

325 2157 405 2217 tene
423 2170 476 2216 ne
503 2161 585 2236 pent
610 2172 674 2238 pas
709 2159 805 2220 avoir
830 2151 1192 2227 e-crrt:r1simile,non
1221 2151 1373 2232 videtur,
1405 2148 1569 2214 Nostrum

324 2265 383 2308 car
401 2265 445 2306 au
463 2253 631 2304 contraire
650 2264 692 2303 ce
708 2247 944 2306 fntMecenes'
957 2250 1070 2304 statim
1091 2252 1171 2320 post
1184 2246 1327 2304 reditum
1349 2252 1397 2304 ita
1419 2248 1569 2306 carmini-

164 2405 165 2414 ,
327 2341 384 2419 qui
412 2335 447 2398 le
462 2340 583 2406 'servit
609 2332 785 2407 utilement
812 2331 1031 2415 cupresios,
1054 2331 1173 2417 quibus
1191 2339 1264 2394 tum
1282 2332 1414 2402 demum
1432 2353 1570 2417 operam
1689 2391 1691 2402 ,

214 2472 216 2479 1
308 2423 369 2497 'ne
399 2449 437 2494 ce
469 2427 630 2522 Princo,
652 2436 686 2494 et
704 2496 709 2500 f
724 2432 780 2513 qni
812 2425 871 2511 luy
896 2425 938 2492 fit
957 2434 1110 2510 navavit,
1139 2426 1363 2512 inclaruisse,
1399 2435 1568 2495 nt‘conti·

324 2525 460 2596 obtenir
480 2546 544 2592 sou
566 2523 710 2618 pardop,
742 2532 780 2590 et
810 2527 939 2591 n'avoir
957 2545 1021 2590 nuo
1042 2522 1226 2608 majoribus
1243 2525 1358 2590 aetate
1373 2532 1496 2611 poetis,
1519 2535 1567 2592 at·
1620 2567 1640 2612 «Ι

238 2667 239 2672 1
324 2643 389 2688 son
418 2623 496 2688 bien
528 2628 584 2708 qui
607 2627 698 2688 avoit
717 2629 794 2687 este
814 2619 945 2685 confis-⁴
958 2640 1021 2706 que
1042 2631 1188 2705 per‘eos
1207 2619 1403 2700 Maecenati
1426 2623 1567 2690 familia·

327 2717 412 2804 quc,
446 2719 595 2786 Suetone
625 2738 669 2784 ne
695 2717 775 2804 parl
794 2723 850 2802 icy
873 2738 936 2802 qne
956 2725 1004 2784 ris
1025 2718 1134 2784 lieret.
1185 2717 1329 2783 'Videtur
1354 2718 1456 2803 hujus
1486 2725 1567 2786 arni·
1617 2737 1619 2742 ’

267 2837 270 2851 ’
326 2816 371 2881 'clu
401 2825 512 2934 temps
541 2816 664 2902 auquel
687 2814 821 2880 Horace
847 2835 937 2878 com·
958 2821 988 2880 ei
990 2821 1058 2885 tiae
1094 2813 1404 2899 familiaritatisque
1441 2815 1569 2900 epocha
1610 2825 1614 2829 '

196 2926 198 2930 ·
263 2919 283 2997 Ἰ
323 2923 445 2993 manca
468 2913 489 2976 ai
508 2911 721 2978 entrerdans
741 2911 776 2974 la
795 2907 937 2975 familia·
958 2933 1042 2976 anno
1071 2911 1201 2974 demum
1230 2909 1359 2974 labenti
1388 2911 1565 2976 nccxvl

325 3008 392 3074 rite
426 3009 467 3074 de
496 3008 679 3094 Mecenas,
721 3015 756 3070 et
788 3005 810 3070 a
845 3013 936 3070 estre
958 3005 1126 3104 affigenda
1155 3025 1249 3070 esse.
1298 3004 1429 3070 Idcirco
1461 3007 1566 3090 (sl,

326 3096 435 3176 adnuis
468 3104 552 3172 dans
591 3124 632 3169 sa
669 3101 862 3166 confideres
903 3109 993 3186 eti,
1015 3087 1084 3179 58.)
1123 3123 1235 3163 uocem
1272 3110 1350 3168 unte
1383 3102 1566 3186 mensibus,

310 3203 410 3269 'dans
429 3201 652 3288 sesplaisirs
685 3198 939 3263 Dno1an·--
958 3221 1005 3266 sc.
1027 3219 1058 3263 ιι.
1080 3221 1113 3264 ιι.
1129 3197 1293 3264 DCGXV.
1317 3208 1489 3282 currente,
1512 3199 1569 3268 vel
1623 3247 1630 3258 -
1684 3243 1689 3250 -

272 3340 279 3348 -
327 3299 379 3365 Ex
408 3321 487 3385 eo,
499 3297 586 3386 qnod
617 3295 778 3361 Horatius
806 3293 938 3361 demum
959 3285 1094 3362 ineunte
1116 3301 1288 3386 proximo,
1321 3296 1480 3363 Horatius
1502 3303 1569 3382 pri
1586 3336 1592 3343 ·

327 3386 407 3482 post
444 3397 609 3480 proelium
637 3393 855 3478 Philippense
886 3413 939 3458 ca
959 3413 1045 3457 ιιιιιιιι
1070 3393 1266 3488 Maecenati
1302 3403 1412 3462 notus
1470 3395 1567 3461 Mus·

329 3511 412 3559 nere
434 3498 615 3594 inceperit,
650 3490 832 3576 coliigunt,
865 3511 939 3556 enm
960 3513 1039 3556 sos.
1060 3512 1093 3556 r.
1116 3489 1196 3557 Hor.
1221 3511 1296 3555 ann.
1319 3499 1385 3555 aet.
1409 3489 1569 3556 Xle—
1649 3519 1651 3526 ·

329 3588 418 3656 hand
438 3595 513 3651 ante
536 3607 653 3652 annum
673 3610 704 3653 u.
724 3609 754 3652 c.
772 3586 939 3671 cccxiv
960 3587 1064 3654 XXV.
1097 3596 1132 3658 et
1152 3585 1505 3678 xxvii-xxviii
1529 3627 1568 3642 -

293 3741 294 3746 ,
331 3693 365 3752 in
387 3679 521 3769 Virgilii
543 3684 704 3770 Variique
730 3690 880 3750 notitiam
902 3705 940 3750 ao
961 3683 1047 3750 lluic
1076 3684 1227 3752 Suetonii
1260 3691 1358 3751 vitae·
1386 3685 1462 3755 loco
1496 3705 1569 3754 cunt

238 3843 241 3851 .
329 3782 511 3849 amicitiam
538 3785 686 3848 venisse.
742 3777 817 3850 Nec
853 3787 942 3850 enirn
961 3792 1146 3872 armant
1162 3789 1252 3852 ritae
1269 3783 1423 3872 reliquae
1440 3800 1582 3868 omncs,
1650 3805 1655 3816 “
